4686 5700
2017 457 2061 543 Jssl
2129 497 2158 580 J

180 607 266 683 bras
295 607 539 702 contrahens,
583 615 855 714 quaepartim
881 611 1124 718 superficiem
1155 611 1263 692 bulbi
1295 615 1521 696 humoribus
1560 619 1716 698 abluant
1742 644 1781 701 et
1808 637 1914 731 quasi
1941 635 2066 712 invola

177 779 285 872 ¹rant,
327 763 473 862 nequid
500 762 610 838 illum
636 762 787 857 laedat,
815 771 954 868 partim
980 766 1122 848 faciant
1149 769 1198 842 ad
1223 770 1403 848 humores
1439 773 1714 869 deducendos,
1758 785 1850 882 qui,
1894 790 1926 856 si
1958 807 2061 867 tanta

178 911 412 986 abundantia
439 914 594 1008 adsunt,
623 935 665 990 ut
690 943 713 990 a
738 923 891 1046 punctis
919 919 1211 1020 lachrymalibus
1240 921 1434 999 absorberi
1461 947 1675 1028 nequeant,
1712 939 1975 1012 contractione
2001 965 2065 1016 ve«

178 1061 359 1138 hemente
384 1067 655 1170 palpebrarum
682 1094 729 1143 ex
755 1043 877 1144 oculis
903 1076 1169 1172 exprimuntur
1194 1079 1261 1165 ita,
1297 1095 1340 1148 ut
1368 1077 1416 1151 de
1444 1084 1547 1177 genis
1577 1079 1752 1156 defluant.
1824 1088 2057 1214 Coniunctio
2101 1027 2119 1052 ·

108 1226 124 1240 “
179 1235 301 1309 arcta,
337 1245 412 1318 qua
438 1225 544 1293 nervi
570 1220 750 1312 adnatae,
786 1220 990 1322 glandulae
1016 1223 1254 1318 lachrymalis
1283 1245 1321 1301 et
1345 1227 1554 1331 palpeprae
1580 1252 1758 1308 tenentur
1783 1239 1881 1312 inter
1906 1265 1966 1332 se,
2011 1247 2063 1316 vi·

179 1368 290 1443 detur
318 1395 449 1446 caussa
476 1397 576 1466 esse,
602 1367 726 1476 quod
737 1378 888 1475 quoties
916 1373 1079 1450 allicitur
1113 1377 1274 1470 adnata,
1321 1405 1463 1478 organa
1495 1381 1738 1501 lachrymalia
1772 1407 1810 1464 et
1852 1391 2059 1492 palpebrae

176 1547 250 1623 pro
280 1547 471 1599 consensu
498 1552 568 1602 suo
597 1543 746 1601 summo
772 1532 918 1629 pariter
928 1496 983 1603 et
1010 1526 1209 1603 celerrime
1236 1528 1458 1605 afficiantur.

344 1915 534 2000 Ex'hibent
561 1939 688 2008 autem
716 1916 876 1998 adnatae
902 1918 1117 2054 molestiam
1149 1926 1320 2026 inprimis
1355 1945 1432 2016 res,
1479 1949 1578 2028 quae
1614 1933 1845 2008 extrinsecus
1883 1936 2060 2014 incidunt

177 2096 219 2152 et
245 2093 373 2189 cutem
399 2079 658 2150 tenuissimam
685 2081 893 2176 attingunt,
922 2075 1031 2176 quod
1057 2098 1193 2174 genus:
1221 2074 1418 2168 bestiolae,
1446 2077 1568 2178 pulvis
1595 2099 1632 2154 et
1660 2082 1732 2155 alia
1757 2083 1904 2178 similia,
1931 2085 2057 2164 frictio
2125 2119 2130 2126 ·

178 2231 272 2300 item
298 2225 582 2329 palpebrarum,
620 2227 763 2320 sumus,
801 2221 906 2302 acres
935 2247 974 2302 et
992 2217 1128 2300 'acerbi
1155 2225 1313 2320 odores,
1343 2223 1593 2324 ambraciae,
1622 2229 1741 2334 cepae
1766 2245 1859 2329 etc,
1894 2237 2058 2341 impetus

181 2379 372 2452 radiorum
404 2380 525 2470 lucis,
570 2405 690 2480 quum
721 2379 869 2454 vultum
901 2379 975 2453 soli
1009 2375 1203 2452 offerimus
1238 2399 1307 2452 aut
1337 2405 1385 2454 ex
1413 2381 1577 2456 tenebris
1606 2382 1835 2462 densissimis
1861 2394 1901 2462 in
1927 2369 2057 2466 lucem

169 2528 319 2604 'claram
344 2537 617 2635 prospicimus,
645 2523 808 2606 intentio
836 2536 953 2648 nimia
981 2529 1097 2622 risus,
1127 2555 1182 2604 ex.
1212 2503 1267 2631 gr.¹
1293 2531 1465 2610 assiduae
1484 2533 1791 2630 lucubrationes,
1817 2544 1901 2642 ipse
1925 2538 2055 2621 sensus

175 2679 328 2784 frigoris
355 2703 393 2762 et
416 2689 513 2762 aeris
540 2687 682 2787 aperti,
718 2709 750 2758 v.
780 2709 812 2760 c.
837 2686 878 2758 in
906 2683 1135 2785 equitando,
1161 2703 1198 2758 et
1224 2681 1306 2756 alia.

346 3077 423 3155 Sed
450 3081 603 3183 quaeris
637 3079 750 3155 etiam
783 3071 1016 3156 abundantia
1049 3080 1239 3182 sanguinis
1272 3077 1314 3151 in
1346 3079 1440 3157 vasis
1477 3082 1609 3186 capitis
1649 3097 1760 3185 auget
1795 3089 2054 3166 exorationem

174 3231 404 3324 humorum,
432 3239 500 3336 qui
525 3238 678 3308 suntin
705 3233 949 3360 oculis,sive
974 3213 1112 3308 illa'ab
1141 3252 1254 3308 aucto
1282 3230 1424 3306 aflluxu
1448 3241 1638 3337 sanguinis
1665 3236 1714 3309 ad
1741 3259 1874 3338 caput,
1902 3243 1980 3316 sive
2006 3239 2052 3315 ab
2153 3333 2158 3352 Ι

174 3386 364 3490 impedito
397 3386 544 3461 refluxu
575 3409 645 3487 per
669 3409 782 3463 venas
810 3389 941 3488 capitis
981 3391 1168 3488 originem
1202 3383 1369 3524 duxerit,
1337 3387 1521 3489 tquod
1553 3388 1717 3463 maxime
1748 3390 1923 3467 accidere
1955 3391 2053 3469 solet

177 3559 280 3634 tum,
316 3563 436 3642 quum
464 3539 695 3634 circulatio,
716 3565 833 3644 quam
858 3555 1018 3633 vocant,
1052 3542 1243 3640 sanguinis
1269 3565 1340 3673 per
1365 3537 1586 3640 pulmones,
1631 3539 1866 3642 prohibetur.
1931 3545 2052 3622 Huius

174 3695 323 3794 generis
351 3717 505 3766 caussae
531 3692 762 3795 plerumque
789 3717 871 3769 esse
896 3691 1041 3785 solent,
1070 3700 1169 3795 quae
1195 3689 1384 3782 efficiunt,
1411 3699 1462 3775 [ut
1488 3689 1764 3786 lachrymarum
1790 3697 1913 3768 maior
1939 3701 2052 3798 copia
2081 3793 2086 3803 ι

172 3863 417 3938 excernatur,
444 3845 569 3930 inhia
594 3844 676 3922 fere
703 3844 868 3922 casibus:
896 3850 930 3921 si
954 3844 1120 3920 bibimus
1146 3851 1216 3932 ita,
1243 3864 1287 3920 ut
1312 3859 1451 3968 potutn
1472 3847 1555 3918 sine
1579 3848 1860 3922 intermissione
1887 3863 1926 3920 et
1944 3871 2052 3922 mora

173 3997 225 4072 ad
250 3997 523 4100 respirandum.
539 4002 783 4102 interposita,
822 4003 1113 4118 ingurgitamus,
1162 4005 1194 4074 si
1220 3997 1364 4076 collum
1389 3995 1506 4073 fascia
1532 4002 1670 4071 arctius
1697 3997 1974 4092 contrahimus,
2019 3990 2066 4076 si'

174 4175 310 4226 vocem
336 4157 488 4254 praeter
513 4169 687 4244 naturam
712 4132 918 4252 frangimus
944 4155 985 4226 in
1011 4172 1189 4244 acutum,
1230 4157 1271 4224 in
1297 4155 1398 4240 risu,
1433 4151 1480 4223 'in
1515 4153 1607 4223 tussi
1634 4168 1677 4260 et·
1697 4153 1850 4258 vomitu
1870 4155 2049 4251 graviore,

172 4306 214 4378 in
239 4303 442 4405 gravedine
470 4303 632 4407 aliisque
655 4305 819 4406 morbis,
848 4309 915 4408 qui
941 4308 1128 4406 impetum
1152 4303 1475 4379 vehementiorem
1501 4279 1691 4401 sanguinis
1718 4299 1769 4402 ad
1792 4322 1907 4404 caput
1934 4308 2051 4378 corui-

171 4462 251 4530 tem
282 4454 434 4531 habent
511 4459 711 4536 Praeterea
746 4455 851 4532 oculi
883 4456 1111 4552 lachrymosi
1143 4476 1251 4550 sunt,
1291 4459 1323 4530 si
1353 4451 1533 4530 humores
1560 4450 1805 4550 lachrymales
1832 4473 1909 4530 tarn
1937 4460 2050 4532 crassi

172 4625 212 4687 et
245 4609 419 4710 pituitosi
451 4584 565 4701 sunt,
602 4627 647 4682 ut
674 4601 833 4684 dacum
858 4607 1026 4684 nasalem
1051 4605 1171 4694 facile
1189 4571 1410 4698 obstruant,
1460 4603 1538 4682 sive
1570 4609 1603 4682 si
1637 4605 1772 4684 ductus
1803 4595 2049 4700 lachrymales
2116 4651 2120 4662 ·

172 4765 340 4892 rigorem
372 4785 485 4844 suum
517 4761 745 4846 nattualem·
771 4768 1003 4862 amissam,
1055 4761 1238 4924 quadus
1270 4759 1484 4842 senioribus
1518 4755 1622 4834 haud
1654 4781 1740 4836 raro
1766 4755 1849 4840 lieri
1876 4757 2049 4840 obserua-

171 4917 306 4994 umus.
1133 4920 1136 4929 ’
