4708 5700
225 335 235 350 ι
326 323 333 354 l

1939 459 2057 514 xxm

173 608 517 718 quo'colliguntur
538 584 789 696 hanimatus,
824 603 927 680 nulla
956 602 1020 680 hic
1050 601 1240 682 videbitur
1266 602 1476 724 difficultas.
1544 604 1628 684 Ne'c
1655 612 1759 684 enim
1782 626 1932 712 tempus
1956 610 2054 690 adeo

172 768 305 858 breve,
332 769 426 866 quia
449 755 642 864 perplura
651 755 740 833 rasa
759 758 912 834 tantum'
931 756 1102 854 humoris
1121 759 1277 835 affluere
1292 763 1437 861 potuit,
1466 779 1650 862 quantum
1678 761 1727 835 ad
1748 780 1893 864 guttam
1916 771 2057 838 constiss

171 918 355 994 tuendam
380 916 601 1016 requisitum
659 914 742 986 Nec
766 889 834 1013 qui
863 938 911 985 ex
938 909 1060 986 oculis
1094 932 1245 1027 emanat
1274 911 1414 986 humor
1444 931 1546 988 totus
1566 917 1608 990 iu
1631 903 1817 1014 glandulis
1846 933 1957 990 antea
1982 910 2055 990 luit
2099 883 2103 910 ι

173 1085 426 1150 coacervatus.
450 1107 503 1122 -
552 1067 610 1138 Ex
633 1061 808 1138 ducnbus
832 1066 995 1163 incisivis
1018 1061 1218 1164 pressione
1242 1063 1405 1165 guttulas
1436 1053 1922 1170 exstillareanimadrertit.
1946 1139 1950 1144 ,

342 1333 494 1439 Gottfr.
521 1341 568 1412 V
562 1357 633 1442 ogt
651 1341 703 1413 de
721 1339 915 1412 lacrumis
939 1338 1157 1444 Crocodili.
1181 1339 1330 1440 *Viteh
1358 1343 1465 1428 1664.
1494 1277 1528 1429 4.
1599 1278 1605 1287 Ι

343 1619 483 1691 mom.
507 1615 717 1690 Bartoltnt
740 1615 857 1715 Casp.
867 1614 933 1714 fil.
960 1615 1193 1698 Anatomia
1212 1643 1269 1740 ¹esu
1284 1615 1327 1688 C.
1353 1616 1511 1688 Bartol.
1529 1624 1714 1718 parentis
1735 1619 2073 1720 institutionibus,

173 1777 437 1872 omniumque
466 1773 738 1840 recentiorum
769 1783 808 1836 at
828 1771 1004 1865 propriis
1038 1765 1386 1874 observationibus
1414 1768 1653 1864 reformata.
1698 1773 1850 1871 Hagae
1879 1751 1994 1846 1665.
2015 1772 2050 1844 8.
2061 1742 2081 1854 J·

172 1924 254 1999 Lib.
275 1928 335 1997 ΠΙ.
363 1947 446 2022 pag.
463 1923 548 2005 544.
602 1915 845 2016 „Qaruncula
872 1920 1080 2018 apponitur
1100 1915 1256 1992 cuilibet
1276 1915 1414 1992 cantho
1448 1921 1601 2010 maiori,
1633 1918 1899 1996 humiditatem
1930 1925 2051 2012 conti:
2164 1903 2170 1978 Ϊ

168 2099 295 2150 »nens
317 2099 390 2174 pro
411 2071 526 2146 oculo
553 2066 834 2160 humectando,
863 2084 900 2140 et
920 2062 1099 2139 foramini
1121 2072 1202 2140 nasi
1224 2073 1299 2140 ossi
1324 2067 1535 2170 insculpto,
1564 2069 1671 2170 quod
1697 2067 1883 2172 pductum
1905 2073 2052 2167 lachry-

145 2227 301 2300 'umale
330 2243 488 2298 vocatur
522 2221 759 2316 (distinctum
787 2217 833 2291 ab
866 2217 940 2292 illis
970 2217 1121 2290 duobus
1150 2215 1399 2294 foraminibus
1428 2225 1469 2294 in
1500 2219 1621 2294 limbo
1657 2221 1926 2322 palpebrarum
1957 2228 2048 2318 sitis,
2080 2237 2084 2254 '
2130 2205 2133 2210 ⁵
2227 2303 2232 2316 ,

172 2405 297 2484 „quae
319 2375 485 2482 τρήματα
511 2391 625 2450 vocat
646 2371 829 2466 Galenus)
856 2369 1080 2461 obducitur,
1111 2395 1162 2444 ne
1186 2389 1376 2472 perpetuo
1391 2369 1600 2468 lachrymas
1616 2377 1870 2470 eminatam«

281 2696 284 2702 ·
334 2655 423 2728 Iob.
439 2653 485 2725 V
478 2649 637 2754 eslingii
653 2651 879 2753 Syntag'ma
894 2651 1180 2720 anatomicam
1195 2633 1489 2722 commentario
1503 2666 1629 2750 atqua
1642 2631 1865 2752 appendice
1879 2667 2048 2747 auctum
2135 2669 2144 2682 ·

171 2816 212 2884 α’
227 2808 320 2885 Ger.
342 2808 483 2882 Blasio
506 2805 599 2878 edit.
623 2833 658 2878 2.
685 2761 909 2877 Amstelod.
933 2801 1044 2876 1666.
1069 2809 1119 2904 la
1139 2803 1233 2901 Cap.
1249 2803 1333 2914 XV.
1366 2825 1450 2902 pag.
1469 2803 1556 2888 234.
1583 2763 1873 2900 -shachrymae
1894 2826 1975 2877 uon
1999 2825 2048 2876 ex
2167 2841 2169 2844 ·

170 2961 319 3040 „oculis
346 2963 459 3060 ipsis,
492 2957 559 3031 sed
583 2981 630 3030 ex
653 2953 810 3028 cerebro
836 2930 1146 3054 persectmdum
1174 2949 1419 3030 cuneilormis
1447 2957 1540 3026 ossis
1564 2950 1755 3046 loramen,
1800 2972 1881 3028 tum
1911 2979 1933 3024 a
1963 2927 2046 3027 rer·

169 3119 274 3189 »tice
297 3107 430 3214 capitis
452 3134 497 3182 ac
517 3105 694 3180 lateribus
715 3104 1011 3206 adpunctorum
1025 3107 1313 3204 propositorum
1330 3103 1465 3178 ductus
1482 3103 1690 3177 confluunt.
1741 3107 1888 3178 Puncta
1902 3101 2066 3197 lachry-⁴

168 3266 310 3344 ‚smalia
334 3268 433 3338 intra
456 3259 694 3334 membranas
725 3255 996 3357 palpebrarum
1010 3273 1101 3327 eunt
1120 3273 1157 3328 et
1172 3251 1379 3348 lachrymas
1399 3279 1543 3357 oraque
1562 3225 1821 3330 humectantes
1846 3259 1943 3330 rivos
1958 3281 2046 3356 sup-

20 3461 30 3470 ·
147 3418 380 3524 ,peditants‘
430 3385 580 3524 Ductus
602 3407 735 3484 nasalis
756 3405 930 3482 notitiam
952 3423 1086 3483 auctor
1103 3401 1256 3497 habuit,
1283 3405 1351 3482 sed
1372 3405 1421 3480 de
1444 3411 1791 3498 communicatione
1811 3427 2044 3508 punctorum

166 3565 457 3663 lachrymalium
482 3588 570 3637 cum
593 3561 711 3636 ductu
728 3559 867 3634 eodem
889 3556 985 3660 nihil
1006 3555 1143 3632 retulit.
1221 3555 1380 3632 Blas‘ius
1406 3559 1498 3660 Cap.
1516 3559 1560 3634 V.
1594 3585 1631 3659 p.
1651 3560 1724 3633 233
1758 3561 2052 3670 Commentarii,¹

166 3725 374 3826 opiniones
396 3715 638 3818 quorundam
662 3710 964 3814 scriptorum-de
985 3693 1198 3783 mobilitate
1227 3707 1433 3810 palpebrae
1456 3707 1818 3810 inferioriscorrigit
1848 3729 1885 3784 et
1910 3709 2046 3810 redigit

108 3901 112 3914 ·
147 3869 158 3934 l
166 3899 241 3966 eo,
267 3891 313 3958 ut,
330 3870 488 3959 doceat,
513 3867 689 3942 homines
709 3887 863 3939 movere
880 3887 994 3963 posse
1013 3859 1236 3962 palpebram
1254 3859 1491 3956 inferiorem,
1519 3832 1785 3964 quadrupedes
1811 3889 1901 3936 vero
1923 3861 2044 3935 solam

164 4026 403 4126 superiorem
432 4017 646 4111 manifeste,
673 4015 846 4092 volucres
870 4032 1089 4119 utramque,
1123 4019 1177 4088 ita
1199 4031 1324 4090 tamen
1337 4063 1346 4105 ‚
1381 4033 1425 4089 ut
1441 4041 1513 4120 pro
1538 4019 1735 4118 superiore
1753 4021 1905 4090 utantur
1925 4040 2044 4092 mem·
2141 4100 2143 4106 ,

167 4177 296 4266 brana
309 4179 515 4250 ructitante.

324 4451 580 4526 Constantia.
607 4447 760 4550 Ziegra
786 4447 838 4520 de
860 4445 1060 4546 lacrymis.
1098 4441 1380 4546 thebergae
1406 4443 1512 4520 1666.
1541 4417 1576 4531 4.

203 4783 210 4792 -
321 4729 374 4806 Η.
398 4679 613 4804 Meibomii
643 4725 696 4814 de
718 4727 828 4798 vasis
849 4678 1144 4836 palpebrarum
1172 4721 1290 4794 novis
1319 4715 1489 4822 epistola
1523 4719 1582 4796 ad
1609 4717 1709 4792 Ioel.
1743 4717 2041 4819 Langelottum.
2095 4756 2099 4768 ·

106 4979 110 4986 .
161 4881 391 4968 Httmstad.
421 4885 528 4959 1666.
556 4892 591 4968 4.
642 4884 687 4954 ln
708 4876 979 4980 palpebrarum
1001 4874 1126 4959 limbis
1144 4891 1289 4975 puncta
1303 4871 1415 4974 phua
1435 4897 1481 4948 ac
1495 4851 1735 4950 minoritatis
1753 4867 2042 4965 lachrymalibut
