4686 5700
1977 361 2058 424 ‚ar‘

1636 497 1657 537 χ

801 443 805 460 ι
911 409 940 436 ⁸¹
965 441 994 494 ι·
1261 465 1270 500 q
1422 445 1443 478 Β·

591 631 593 641 .
718 593 726 636 ι
961 588 965 596 ’
1034 515 1070 625 §⁸
1126 523 1186 624 59·
1261 636 1269 656 .-
1332 593 1335 612 ³

208 681 218 694 “·
281 757 307 765 ἢ
321 673 550 749 Densissimi
572 693 612 747 et
632 673 848 774 rigidissimi
862 675 1156 777 superciliorum·
1176 676 1244 780 pili
1269 702 1350 756 esse
1372 678 1498 754 solent
1520 683 1561 754 in
1584 678 1717 758 radice
1737 688 1838 776 nasi,
1866 685 1932 758 ubi
1953 690 2047 794 irici—

165 819 287 919 pinnt.
339 813 583 906 Exeoinde,
611 805 953 914 temperaremus,
980 819 1188 933 teneriores
1215 833 1252 891 et
1273 835 1453 893 arctiores
1476 832 1589 910 fiunr;
1625 833 1864 933 declinantur
1889 838 1938 900 ad
1961 863 2048 907 can·

165 969 274 1044 thum
291 987 508 1060 externum,
537 985 574 1041 et
596 969 637 1040 in
654 990 727 1042 acu
746 987 896 1042 exeunt.

317 1211 451 1289 Rarius
480 1206 555 1303 est,
588 1198 638 1283 ut¹
652 1201 855 1311 supercilia
878 1197 1058 1284 latissima
1083 1229 1121 1285 et
1148 1209 1368 1285 densissima
1392 1213 1467 1286 sint
1499 1217 1540 1287 in
1561 1212 1720 1307 imedio,
1758 1235 1797 1289 et
1817 1219 1857 1290 in
1881 1239 2048 1323 utroque

160 1363 280 1440 latere
304 1389 439 1438 nasum
464 1381 503 1459 et
517 1333 691 1464 tempora
716 1387 843 1482 persus
872 1384 982 1440 acuta
1005 1374 1151 1460 exeant.
1179 1367 1322 1439 *Hanc
1346 1363 1637 1468 superciliorum
1663 1365 1826 1442 formam
1849 1397 2046 1472 nunquam

161 1521 236 1592 nisi
259 1521 300 1590 in
323 1521 367 1590 iis
391 1517 758 1620 animadverti,-,qru
788 1517 948 1622 capillos
978 1517 1162 1626 haberent
1182 1521 1329 1630 nigros,
1363 1523 1512 1622 saepius
1534 1521 1647 1594 etiam
1667 1525 1709 1595 in
1731 1517 1900 1616 feminis,
1930 1552 2045 1626 quam

162 1673 210 1744 in,
230 1667 407 1745 maribus.
442 1703 445 1713 ¹
530 1751 533 1758 .
746 1725 748 1732 x
814 1668 820 1715 l
919 1713 922 1718 ·
1789 1669 1792 1678 ’

448 1905 454 1943 ,
1710 1907 1717 1916 .

920 1997 931 2014 ’
1023 1971 1059 2080 3
1121 1983 1193 2058 60.
1446 2067 1458 2086 .
1654 2005 1662 2044 s
1697 1953 1701 1964 ⁵

317 2133 390 2211 Fili
405 2135 698 2238 superciliorum
714 2134 926 2238 diriguntur
941 2141 1057 2254 etiarn
1073 2137 1187 2212 varie.
1239 2108 1487 2238 Longissimi,
1514 2139 1554 2210 in
1569 2136 1700 2214 radice
1717 2143 1799 2215 nasi
1819 2147 2043 2251 provenien·
2085 2141 2091 2152 '

167 2310 221 2372 tes
236 2307 340 2406 recte
358 2279 440 2366 fere
453 2295 655 2400 eriguntur.
708 2291 786 2367 Sed
801 2318 880 2392 quo
899 2294 1057 2394 propius
1074 2289 1123 2362 ad
1141 2307 1314 2408 tempora
1330 2291 1537 2383 accedunt,
1566 2317 1613 2365 eo
1634 2297 1751 2393 magis
1773 2287 1888 2369 eliam
1907 2322 2042 2372 eorum

167 2451 303 2546 stirpes
324 2444 372 2519 ad
385 2443 490 2520 illam
515 2448 712 2544 regionem
737 2441 1005 2537 deelrninmr‚-
1021 2443 1058 2518 et
1080 2441 1246 2518 culmina
1265 2441 1681 2544 paullulumfdeorsum
1701 2445 1915 2524 flectuntur.
1966 2449 2060 2528 Pili,

165 2595 361 2674 inferiores
387 2601 602 2701 superiores
622 2616 828 2673 sustentare
852 2598 1012 2690 debent,
1053 2621 1216 2698 eamque
1239 2595 1289 2668 ob
1321 2563 1493 2669 caussam¹
1514 2596 1605 2670 inde
1627 2565 1654 2669 a¹
1669 2577 1797 2673 radice
1817 2603 1899 2673 nasi
1922 2605 2039 2674 erecti

160 2769 249 2826 sunt
261 2749 420 2856 oblique
435 2757 472 2826 e't
484 2737 547 2845 ita,
574 2770 757 2828 uteorum
768 2755 905 2856 capita,
934 2745 1261 2858 quemadmodum
1276 2745 1401 2854 capita
1413 2748 1841 2853 pilorumsuperior'um‚
1864 2771 2038 2854 tempora
2133 2729 2135 2735 ¹

163 2929 292 2983 versus
317 2905 530 2982 flectantur.

1019 3210 1056 3312 3.
1116 3214 1177 3289 61.
1290 3267 1292 3272 ,

208 3437 215 3452 .
315 3368 377 3447 Ad
386 3385 565 3474 'tempora
579 3393 703 3445 versus
718 3367 787 3472 pili
807 3370 924 3468 magis
948 3373 1144 3494 mqgisque
1160 3372 1201 3442 in
1224 3365 1340 3443 breve
1356 3383 1563 3468 coguntur,
1592 3383 1630 3442 et
1655 3345 1810 3442 demum
1833 3371 2034 3444 exeuntia
2062 3381 2065 3389 '

162 3551 237 3604 acu
250 3529 460 3602 communi.
512 3521 700 3622 Particula
718 3526 814 3596 cutis
831 3548 893 3614 ea,
922 3547 1021 3624 quae
1039 3538 1094 3596 est
1108 3523 1207 3597 inter
1224 3539 1432 3623 utrumque
1451 3518 1716 3622 supercilium,
1742 3523 1784 3592 in
1805 3517 1935 3595 radice
1954 3524 2036 3596 nasi

162 3677 344 3782 (glabella
355 3697 525 3770 vocatur,
552 3660 878 3768 seuiritercilium)
894 3647 1121 3777 plerumque
1136 3671 1315 3785 lanugipe
1334 3689 1481 3744 tantum
1497 3671 1595 3750 solet
1609 3676 1743 3752 vestita
1756 3679 1847 3749 esse.
1901 3661 2042 3776 Turpe

164 3835 408 3926 existimatur,
428 3837 515 3908 siin
531 3857 577 3906 eo
596 3829 686 3906 loco
704 3827 907 3932 supercilia
922 3831 1119 3930 utriusque
1133 3825 1259 3902 lateris
1268 3821 1529 3926 implicantur.
1577 3897 1580 3902 ,
1608 3875 1626 3924 ,¹

1017 4132 1054 4236 3.
1108 4139 1169 4212 62.

316 4293 529 4396 supercilia
540 4298 598 4370 ori
609 4292 776 4371 humano
795 4281 883 4405 sunl
899 4287 1079 4392 singulari
1095 4289 1228 4366 decori
1245 4306 1284 4364 et
1304 4283 1464 4376 honam
1498 4300 1628 4362 carent
1659 4281 1733 4372 illis
1765 4283 2032 4388 quadrupedes

161 4447 360 4552 plurimae.

196 4651 201 4658 ⁵
314 4669 355 4745 Si
375 4672 502 4746 animo
516 4693 645 4748 sumus
661 4665 866 4773 tranquillo
882 4682 920 4743 et
934 4666 1112 4767 remisso,
1137 4663 1169 4736 si
1178 4684 1321 4738 somno
1340 4655 1419 4734 leni
1441 4653 1601 4732 involuti
1619 4658 1804 4755 jacemus,
1829 4659 2031 4760 proprium
2146 4747 2154 4758 N

158 4821 451 4926 naturalemque
469 4829 582 4902 sinim
597 4821 783 4916 obtinent,
812 4823 880 4925 qui
897 4837 1024 4896 tamen
1039 4842 1115 4924 pre
1133 4813 1282 4894 diverso
1300 4815 1417 4888 animi
1432 4808 1583 4903 affectu',
1609 4836 1681 4912 pro
1698 4812 1908 4912 quantitate
1922 4809 2031 4902 lucis,
2133 4889 2137 4898 ,

158 5003 261 5084 quae
274 4975 446 5056 frurditur
459 5004 532 5082 per
545 4976 720 5072 oculum,
746 4977 872 5054 variat.
959 5029 961 5032 -
