4686 5700
1855 383 1873 422 ·'
1934 389 2026 464 ab

296 574 440 676 Capita
455 569 633 646 ciliorum
648 561 855 670 palpebrae
867 569 1071 670 superioris
1089 583 1193 640 extra
1208 579 1246 640 et
1254 587 1403 642 tursum
1411 590 1551 661 versus,
1580 569 1705 688 capita
1717 589 1807 647 vero
1820 572 2026 676 palpebrae
2087 583 2089 588 '

145 723 338 836 hilarioris
348 743 458 814 errtra
468 747 596 812 versus
612 738 766 795 arcuata
778 717 887 812 sunt,
913 743 965 794 ue
975 717 1099 797 limbis
1114 723 1278 798 invicem
1296 719 1369 796 sibi
1381 723 1569 823 impositis
1588 720 1657 825 pili
1671 717 1941 826 implicentur,⁴

303 985 687 1115 Stirpssingulorum'
702 1009 871 1110 pilorum
890 1012 932 1082 in
954 1005 1050 1083 ciliis
1074 1009 1127 1080 ita
1149 1006 1295 1088 directa
1316 1035 1365 1088 ex
1378 1007 1504 1086 limbis
1518 1013 1756 1117 *emineant
1770 1039 1859 1094 cum
1874 1034 2029 1095 externa

147 1143 351 1275 superficie
373 1163 583 1268 palpebrae
598 1135 780 1266 angulum
795 1161 976 1240 obtusum
992 1157 1216 1266 conformet

1130 1502 1165 1550 2

233 1589 502 1732 Palpebris
519 1632 658 1730 apertis
679 1627 767 1703 cilia
782 1627 889 1727 quasi
878 1474 1047 1701 rallurll
1061 1504 1257 1727 qdoddam
1279 1641 1368 1698 sunt
1386 1623 1496 1700 bulbi
1521 1575 1915 1728 etprominens
1819 1633 2031 1710 munimen
2033 1607 2040 1614 .

150 1801 234 1862 tum
249 1801 384 1859 contra
398 1785 638 1856 occursantia
655 1777 831 1852 animalia
845 1795 909 1850 aut
931 1775 1004 1850 alia
1021 1774 1182 1866 fortuitu
1202 1776 1428 1871 incidentia,
1455 1778 1647 1882 simulque
1669 1782 1834 1857 eundem
1856 1805 2030 1885 opacant,
2130 1798 2134 1808 “

114 1907 366 2014 ‚acleniunt
388 1960 570 2009 coruscos
595 1921 857 2046 micantesque
880 1901 976 2004 lucis
1003 1929 1148 2052 r'adios,
1176 1933 1226 2003 'ne
1249 1925 1447 2002 offendant
1468 1931 1635 2009 oculum.
1687 1933 1881 2012 Facillime
1904 1957 2032 2013 exten-
2064 1999 2066 2006 .
2135 1922 2139 1934 ¹

152 2049 295 2204 dunnrr
312 2085 661 2200 etcontrahuntur,
688 2087 1060 2198 minutissimumque
1076 2067 1218 2156 tactum
1234 2085 1469 2184 percipiunt,
1498 2109 1577 2184 quo
1593 2043 1810 2162 commotae
1805 2089 2034 2218 paspebrae

153 2231 334 2332 monent,
360 2258 441 2312 uta
462 2191 640 2339 periculis
669 2233 783 2308 oculo
806 2231 1067 2306 minitantibus
1093 2257 1300 2326 caveamus.
1353 2239 1411 2306 Ita
1420 2234 1616 2325 admoniti
1638 2215 1805 2320 solemus
1832 2213 2050 2345 palpebras!

125 2425 132 2430 ·
156 2391 352 2482 claudere,
379 2415 447 2465 seu
467 2387 541 2461 alio
558 2385 677 2460 modo
696 2384 853 2460 oculum
870 2382 1094 2474 defendere,
1121 2411 1152 2457 ει
1142 2380 1361 2485 palpebris
1378 2384 1513 2462 clausis
1533 2386 1620 2459 cilia
1634 2393 1877 2490 attinguntur.
1932 2395 2034 2466 Tum

160 2549 261 2620 enim
279 2543 453 2619 ciliorum
467 2559 665 2642 utriusque
675 2536 883 2640 palpebrae
904 2535 1065 2610 alterum
1084 2535 1133 2607 ad
1150 2535 1310 2609 alterum
1331 2561 1414 2611 sese
1424 2537 1616 2640 applicat,
1644 2559 1683 2614 et
1696 2537 1804 2654 velut
1826 2542 1903 2617 duo
1927 2499 2035 2676 palo·
2061 2511 2064 2518 ¹

158 2722 241 2770 ιιιιιι
261 2694 414 2772 ordines
430 2696 714 2770 munimentum
728 2713 937 2822 commune
958 2693 1075 2786 rimae
1087 2685 1355 2790 palpebrarum
1370 2687 1565 2790 praebent.

1018 2978 1193 3096 §73

310 3159 417 3252 Loci,
426 3121 500 3229 ubi
512 3151 695 3260 palpebra
702 3178 877 3256 superior
887 3169 923 3227 et
933 3148 1088 3229 inferior
1100 3153 1392 3250 conjunguntur,
1408 3153 1606 3254 anguli,
1578 3177 1654 3228 srre
1668 3151 1831 3236 hirci‚'
1802 3179 1879 3230 srve
1895 3158 2035 3232 canthr
2089 3155 2094 3164 '

159 3327 354 3386 vocantur.
407 3311 481 3382 Ριο
497 3311 571 3380 situ
587 3303 648 3382 vel
661 3303 914 3408 amplitudine
931 3303 1006 3400 divi
1009 3303 1172 3376 duntur
1162 3330 1199 3375 ιιι
1218 3305 1417 3404 angulum
1438 3267 1647 3394 externum
1669 3311 1746 3382 sive
1770 3267 2063 3409 terrrporalerrt-
2128 3389 2133 3400 ‚

160 3465 502 3552 mmorem,ell1l
517 3459 648 3562 (dagal
647 3487 716 3531 lhm
731 3465 959 3536 internum,
988 3455 1174 3528 natalem
1189 3483 1399 3556 malolssem
1668 3467 1675 3500 ⁸

869 3757 1173 3866 „sm

197 3949 206 3980 t
316 3921 361 3991 In
386 3915 526 3991 cantho
549 3913 751 4016 temporali
775 3911 980 4017 palpebrae
1003 3889 1198 4014 angulum
1213 3905 1399 3986 efficiunt·
1396 3911 1481 3988 ¹fere
1505 3933 1674 4008 acutum,
1711 3937 1748 3990 et
1766 3917 1837 3992 nisi
1858 3915 1920 3992 lat
1897 3911 2036 3998 tissime

161 4070 341 4146 diductae
356 4087 461 4157 sunt,
486 4072 699 4151 extremitas
716 4066 822 4140 limbi
839 4065 1046 4168 palpebrae
1061 4063 1248 4140 inferioris
1265 4066 1357 4141 latet
1369 4065 1438 4140 sub
1455 4065 1573 4140 limbo
1589 4067 1794 4169 palpebrae
1812 4081 2036 4175 superioris:
2026 4057 2061 4126 }.'

162 4221 301 4310 limbus
323 4223 425 4297 enim
448 4217 655 4321 palpebrae
677 4223 882 4322 superioris
899 4217 1030 4321 paullo
1048 4217 1201 4336 longior
1216 4236 1290 4311 est,
1319 4245 1434 4322 quam
1456 4216 1594 4294 limbus
1615 4220 1820 4324 palpebrae
1837 4189 2059 4304 inferioris.x

211 4490 318 4628 wli¹
410 4600 413 4610 ·
827 4581 872 4620 τῖ’·
1024 4519 1176 4626 §75

251 4682 495 4764 Proxime
511 4651 703 4774 canthum
707 4673 874 4754 nasalem
890 4697 1051 4781 utraque
1062 4676 1245 4782 palpebra
1260 4675 1398 4768 format
1411 4679 1602 4780 angulum
1610 4623 1738 4792 longe
1747 4681 1954 4772 acutiorem
1971 4713 2022 4766 eo
2029 4685 2047 4784 ,'
2065 4710 2072 4720 “

160 4841 231 4941 qui
252 4799 386 4940 propa
403 4835 581 4907 canthum
608 4831 859 4934 temporalem
884 4835 1061 4923 cernitur,
1087 4829 1157 4905 sed
1179 4857 1259 4906 non
1274 4831 1468 4935 sphaerae
1476 4829 1639 4906 formam
1657 4835 1781 4910 habet.
1837 4841 2038 4916 Caeterum
2064 4864 2067 4875 ·

163 4989 289 5084 locus,
304 4989 372 5064 ubi
382 5007 543 5090 utraque
554 4985 741 5088 palpebra
754 4983 1007 5084 conjungitur,
1022 5006 1102 5055 uon
1113 4985 1154 5054 in
1168 4983 1347 5084 angulum
1358 5001 1597 5060 tamacutum
1608 4984 2041 5097 conformatus'appa'ret,
2109 5011 2118 5018 “

1160 5135 1200 5210 D
