4686 5700
1186 550 1226 651 ὃ.
1283 551 1367 627 126.
1422 523 1436 542 l
2007 646 2011 652 ⁸

513 712 642 784 Cutis
631 723 780 786 interna
798 708 982 804 cujusque
998 701 1133 778 ductus
1154 708 1283 782 tenuia
1298 721 1372 797 est,
1402 625 1595 785 albanen
1612 726 1651 784 et
1662 707 1862 810 laetitita,
1888 673 1933 794 ut
1946 712 2139 800 manifeste
2153 725 2221 803 dii·

227 875 235 882 '
342 839 439 958 ierat
455 861 611 955 ambra,
640 859 774 938 villosa
790 883 838 932 cu
840 855 1336 980 seductuslongitudinalis.

1192 1181 1228 1283 §.
1288 1211 1372 1283 127.

506 1373 654 1448 Punc'ta
680 1357 928 1466 lachrymalia
955 1369 1048 1444 mihi
1073 1371 1250 1448 videntur
1278 1369 1453 1447 contrahi
1476 1393 1545 1447 seu
1571 1373 1794 1478 amplificari
1826 1407 2070 1492 nequaquam
2096 1421 2223 1496 posse,
2321 1369 2322 1448 J

342 1528 469 1630 potius
493 1549 583 1598 vero
611 1523 747 1598 ductus
776 1521 1023 1620 lachrymales
1041 1521 1231 1616 laterales,
1255 1529 1322 1626 qui
1337 1529 1419 1612 sine
1418 1507 1559 1602 dubio
1580 1552 1651 1630 per
1676 1528 1787 1608 libras
1809 1523 1975 1616 musculi
2002 1544 2224 1626 orbicularis
2321 1623 2322 1632 ,

342 1667 608 1780 palpebrarum
621 1678 836 1777 possuntin
856 1678 1168 1777 angustumcogi.
1280 1661 1285 1674 ’
1442 1779 1448 1806 ἢ
1523 1715 1539 1750 ι
1761 1677 1766 1691 ‘

1099 2065 1101 2068 ¹
1186 1981 1363 2080 §.1280

506 2175 609 2242 Inter
625 2165 804 2240 canthum
820 2168 1014 2242 internum
1030 2161 1299 2268 palpebrarum
1314 2187 1353 2243 et
1365 2171 1516 2246 initium
1533 2157 1615 2247 riasi
1630 2171 1700 2250 sub
1714 2167 1986 2282 integumentia
1998 2172 2231 2292 etliganien-

339 2335 382 2395 to
397 2310 609 2422 palpebrali
630 2323 782 2393 interno
806 2316 969 2392 musculi
992 2315 1215 2393 orbicularis
1237 2318 1331 2395 latet
1343 2325 1391 2418 ‚in
1413 2319 1514 2396 fossa
1537 2323 1758 2422 lachrymali
1778 2355 1887 2408 ossea
1912 2342 2062 2442 Initium
2088 2341 2227 2424 ductus

338 2472 494 2562 natalis,
522 2472 629 2576 quod
644 2444 849 2574 scriptores
865 2474 1023 2547 nomine
1044 2470 1225 2573 singulari
1247 2479 1359 2548 sacci
1378 2475 1663 2576 lachrymalir,
1697 2485 1775 2558 sive
1795 2483 2072 2584 infundibuli,
2113 2517 2226 2572 nota.
2321 2539 2322 2604 ι

339 2641 483 2700 verunt
669 2593 680 2610 ι
2321 2685 2322 2730 t

1190 2929 1226 3034 §-
1284 2961 1366 3036 129·

502 3121 592 3193 Pars
610 3117 738 3218 aliqua
753 3120 897 3190 externi
918 3115 1043 3191 lateris
1057 3114 1167 3214 hujus
1182 3123 1285 3194 sacci
1301 3124 1440 3220 tegitur
1456 3123 1665 3198 caruncula
1675 3125 1904 3226 lachrymali.
1958 3139 2096 3220 Pars
2064 3171 2142 3245 ejus
2159 3175 2224 3224 su·

339 3295 470 3374 prema
484 3275 524 3344 in
539 3267 666 3344 fronte
680 3265 829 3366 alligata
845 3285 901 3342 eet
919 3267 967 3339 ari
981 3265 1228 3367 ligamentum
1242 3271 1537 3374 palpebrarum'
1526 3295 1740 3375 mternum,
1769 3285 1818 3368 ad
1839 3298 2052 3394 marginem
2072 3299 2225 3378 orbitae
2321 3331 2322 3414 t

338 3429 438 3498 intus
456 3441 493 3496 et
510 3439 596 3494 ante
612 3445 752 3494 versus.
805 3422 1028 3492 Finitima
995 3446 1031 3494 er
1051 3443 1107 3495 est
1122 3424 1278 3497 insertio
1289 3425 1452 3500 musculi
1467 3427 1824 3531 obliquiinferioris.
1879 3447 2071 3522 Maxima
2060 3457 2226 3528 interior
2321 3463 2322 3482 ¹

341 3595 378 3652 et
393 3577 584 3678 posterior
597 3577 676 3668 ejus
693 3597 779 3672 pars
802 3569 893 3644 latet
909 3575 949 3644 in
963 3569 1053 3646 folla
1078 3596 1185 3646 ossea
1207 3599 1321 3677 supra
1345 3577 1550 3682 descripta,
1584 3587 1654 3679 ita,
1688 3608 1732 3660 ut
1751 3611 1855 3668 arcte
1878 3597 2069 3700 applicata
2094 3609 2143 3678 sit
2172 3607 2225 3680 ad

340 3715 652 3823 &injunctionem
669 3727 761 3796 ossis
777 3727 910 3824 unguis
928 3749 1016 3798 cum
1033 3719 1123 3802 osse'
1138 3725 1325 3802 maxillari
1338 3750 1376 3804 et
1394 3731 1442 3806 ad
1456 3739 1702 3834 periosteum.

502 4035 591 4106 Pars
611 4032 749 4108 duetus
766 4031 900 4109 natalis
918 4059 963 4108 ea
972 4045 990 4128 ,¹
1012 4061 1110 4138 quae
1126 4040 1224 4134 jacet
1240 4058 1344 4116 extra
1357 4017 1482 4144 ipsunt
1504 4047 1695 4149 integrum
1711 4076 1870 4130 osseum·
1881 4059 2074 4156 carralem,
2103 4065 2222 4145 otalis

339 4206 414 4280 est,
443 4204 480 4263 et
497 4185 567 4265 sub
585 4184 707 4260 forma
723 4183 973 4279 infundibuli,
1000 4185 1099 4264 infra
1120 4184 1242 4268 rer'sus
1257 4192 1390 4296 paullo
1408 4204 1642 4278 contractior
1658 4187 1697 4278 et
1709 4211 1922 4307 angustior,
1944 4215 1992 4292 in
2005 4241 2141 4298 nasum
2156 4207 2222 4295 de

338 4337 497 4419 stendit
785 4331 789 4339 ’

501 4645 577 4738 Ibi,
605 4646 672 4721 ubi
687 4668 741 4722 est
759 4655 797 4724 in
811 4653 894 4752 ipso
912 4651 1034 4727 canali
1049 4679 1180 4747 osseo,
1209 4655 1387 4732 dilatatur
1410 4661 1624 4763 paullulum
1642 4687 1686 4743 ut
1707 4671 1867 4766 canalis,
1901 4693 2015 4778 atque
2037 4695 2117 4754 tum
2135 4707 2222 4758 sen-

338 4801 412 4876 sim
425 4803 655 4874 contractior
670 4812 708 4876 et
722 4800 851 4902 paullo
867 4821 1100 4882 retroversus
1119 4805 1330 4884 declinatus
1344 4809 1548 4893 descendit
1565 4823 1604 4894 in
1624 4842 1795 4904 meatum
1815 4831 1963 4906 uarium
1984 4829 2219 4926 inferiorem,

337 4949 424 5043 ubi,
450 4949 519 5026 sub
536 4950 756 5026 membrana
769 4955 977 5056 pituitaria,
1006 4983 1104 5058 quae
1118 4959 1173 5033 ibi
1187 4966 1391 5072 tenerrima
1405 4985 1461 5041 est
1471 4973 1753 5072 ettingulariter
1767 4975 2008 5080 complicata,
2037 4991 2222 5086 aperitin.
