4686 5700
862 619 875 640 .
976 561 1032 666 9
1090 589 1172 642 roe.
2005 661 2008 669 ,

307 719 459 802 Humor
474 715 626 796 oleatus
641 718 924 824 smegmaticus,
952 722 1080 820 quiin
1098 710 1276 814 folliculis
1298 739 1494 824 separatur
1515 737 1554 825 et
1573 747 1698 826 prope
1717 699 1876 803 limbum
1901 757 2028 811 excer-

154 879 276 968 nitur,
303 878 345 949 in
362 898 527 976 corpore
539 897 633 946 sano
649 869 787 945 fluidus
804 889 861 945 est
875 890 914 945 et
930 877 1040 946 mitis.
1091 876 1190 946 Eum
1206 877 1246 947 in
1266 871 1382 948 finem
1399 873 1523 966 adest,
1551 895 1593 948 ut
1606 871 1744 952 limbos
1766 872 1933 958 lubricos
1948 849 2054 962 red-⁵

154 1029 229 1106 dat.
286 1029 386 1104 Cum
401 1025 600 1122 lachrymis
620 1026 779 1127 quoque
796 1027 1038 1100 commisceri
1055 1027 1222 1120 videtur,
1248 1011 1443 1134 salsedinis
1462 1050 1591 1104 earum
1607 1027 1808 1109 leniendae
1826 1060 1966 1116 caussa.

1004 1254 1039 1357 §.
1098 1260 1181 1334 103.

195 1463 197 1470 ,
308 1414 547 1492 caruncula
563 1412 825 1522 lachrymalis
843 1429 899 1486 est
916 1412 1124 1486 eminentia
1145 1413 1330 1520 rotunda,
1357 1395 1510 1508 rubida,
1542 1415 1801 1520 cartilaginea,
1828 1425 1869 1498 in
1891 1427 2029 1512 cantho
2124 1479 2126 1484 -

150 1567 269 1650 nasali
286 1572 386 1645 inter
400 1572 578 1671 paginam
595 1575 793 1642 externam
805 1585 843 1640 et
855 1569 1043 1660 internam
1058 1569 1210 1640 tunicae
1227 1566 1386 1642 adnatae
1400 1571 1486 1660 sita,
1515 1596 1614 1670 quae
1636 1571 1714 1648 hoc
1734 1574 1825 1650 loco
1849 1579 1905 1666 sic
1928 1603 2031 1654 com.

147 1724 293 1829 plicata
307 1741 381 1814 est,
408 1739 451 1794 ut
464 1723 595 1795 vestita
616 1717 821 1794 caruncula
839 1715 1100 1791 membranam
1113 1717 1381 1794 semilunarem
1399 1717 1559 1821 effingat.

306 1915 443 2002 Forma
469 1907 716 2028 carunculae,
743 1943 786 1997 ut
807 1923 971 2012 dictum,
999 1919 1236 1999 subrutunda
1258 1945 1332 2024 est,
1361 1945 1399 2002 et
1426 1931 1479 1999 ita
1502 1927 1677 2028 quidem,
1711 1951 1755 2005 ut
1777 1951 1881 2008 extra
1904 1963 2032 2014 versus

154 2083 290 2162 obmse
308 2079 492 2170 rotunda,
519 2083 618 2151 intra
635 2102 762 2150 versus
778 2095 904 2150 autem
921 2075 1070 2146 acutior
1083 2079 1142 2148 sit.
1196 2081 1240 2150 In
1257 2084 1446 2154 exteriore
1462 2066 1672 2180 superficie
1686 2085 1763 2179 ejus
1786 2104 1918 2186 patent
1939 2090 2033 2165 duo·

155 2237 279 2313 decim
294 2221 371 2310 site
388 2229 612 2333 quindecim
628 2227 772 2302 crificia
788 2230 950 2324 minuta,
975 2248 1025 2298 ex
1039 2213 1205 2324 quorum
1223 2255 1381 2330 quoque
1394 2230 1493 2333 pilus
1511 2237 1632 2310 tenuis
1649 2239 1800 2310 eminet.
1887 2239 1890 2244 ’

921 2485 925 2493 s
1004 2431 1180 2534 §.10ss
1284 2484 1286 2490 ν
1399 2450 1402 2454 ’
1475 2480 1519 2534 .‘

256 2589 262 2600 ⁴
307 2549 902 2696 Substandacartmculaeeadem
919 2607 992 2680 est,
1020 2611 1098 2690 qua
1112 2603 1242 2678 tarsus,
1271 2584 1511 2686 cartilaginea
1525 2604 1564 2661 et
1578 2586 1781 2689 pellucidae
1833 2593 2033 2676 Praeterea

149 2710 267 2822 ¹etiarn
280 2743 352 2820 sub
371 2761 471 2834 cute,
498 2735 758 2840 quaobducta
774 2757 840 2831 esr,
867 2745 973 2840 parvi
987 2733 1152 2814 folliculi
1167 2737 1317 2812 sebacei
1332 2751 1528 2839 apparent,
1552 2744 1619 2840 qui
1632 2745 1743 2815 trariis
1759 2745 1912 2843 singulis
1930 2773 2031 2824 acer·

149 2903 202 2974 vis
219 2903 272 2970 ita
288 2895 462 2995 dispositi
477 2908 583 2982 sunt,
609 2907 652 2961 ut
665 2857 895 2991 plerumque
916 2917 982 2972 sex
998 2909 1155 2979 octove,
1183 2887 1264 2962 bini
1280 2891 1462 2986 conjecti,
1490 2895 1652 2966 universi
1668 2900 1856 3008 exeuntia
1875 2867 2045 3002 aliquodv
2104 2886 2117 3007 β’
2212 2915 2219 2930 ’

150 3071 290 3141 eorum
306 3040 545 3122 Ofrfietorum
558 3043 598 3111 in
609 3039 811 3139 superficie
829 3042 1056 3148 carunculae
1073 3059 1237 3132 externa,
1267 3065 1431 3140 quorum
1447 3065 1560 3154 supra
1572 3051 1716 3121 mentio
1732 3027 1832 3121 facta
1845 3069 1909 3128 est.
1950 3057 2034 3148 ,His

148 3206 256 3280 enim
272 3186 402 3300 paullo
422 3195 562 3268 arctim
579 3193 824 3292 compressis,
852 3194 1006 3286 sebum,
1036 3191 1143 3297 quod
1156 3190 1336 3272 folliculis
1352 3197 1466 3310 inest,
1494 3193 1647 3296 largiter
1662 3183 1879 3276 effunditur.

998 3381 1033 3486 ἕ.
1093 3385 1175 3460 105.

310 3544 421 3614 Hanc
435 3524 564 3612 veram
579 3559 660 3610 esse
677 3531 909 3612 curunculae
924 3530 1169 3629 structuram,
1199 3562 1361 3639 eamque
1384 3563 1464 3610 non
1482 3563 1563 3614 esse
1582 3541 1853 3642 corpusculum
1875 3542 2035 3644 glande}

147 3697 299 3784 losum,
327 3705 403 3793 qua
418 3691 603 3791 opinione
619 3693 826 3764 anatomici
847 3690 1020 3790 quidam,
1050 3694 1163 3764 etiam
1183 3673 1432 3780 recentiores,
1461 3679 1551 3764 duci
1574 3691 1767 3785 videntur,
1792 3693 1833 3768 id
1847 3695 2031 3799 perfacile

149 3844 372 3952 apparebit,
401 3841 493 3916 dum
508 3835 611 3914 illam
625 3845 667 3915 in
679 3839 870 3944 palpebris
886 3865 933 3918 ex
948 3849 1077 3918 cranio
1092 3847 1203 3918 sectis
1219 3839 1342 3916 solem
1355 3866 1482 3916 versus
1500 3839 1697 3943 adspicies.

307 4050 370 4124 Sic
388 4051 510 4148 igitur·
520 4046 724 4122 caruncula
752 4053 911 4147 ompino
928 4047 969 4122 itl
987 4069 1078 4160 est,
1091 4035 1198 4152 quud
1218 4068 1315 4126 esset
1332 4047 1517 4150 particula
1531 4052 1619 4122 tarsi
1643 4075 1729 4124 cum
1743 4002 1921 4128 folliculis
1938 4057 2032 4129 Mei-

145 4205 364 4290 bomianis,
398 4204 500 4273 inter
525 4221 586 4272 eas
607 4203 812 4302 superioris
840 4179 879 4275 et
903 4198 1093 4276 inferioris
1116 4201 1327 4304 palpebrae
1346 4220 1471 4303 partes
1502 4171 1651 4302 posita,¹
1673 4202 1856 4302 equibus
1885 4227 2034 4298 constat

146 4355 312 4434 canthus
328 4353 474 4434 nasatis.
528 4355 612 4438 liae
631 4321 736 4456 ipsae
752 4357 854 4456 enim
865 4373 992 4460 partes
1006 4381 1135 4458 neque
1143 4371 1286 4452 tarsum
1300 4379 1429 4456 neque
1441 4349 1631 4429 folliculos
1646 4353 1846 4432 Meibornii
1863 4361 1904 4432 in
1914 4357 2032 4438 limbo

135 4477 224 4586 ¹rasso
242 4506 384 4588 habere
400 4525 579 4610 possunt,
607 4477 729 4620 ¹quum
744 4512 932 4612 recipiant
948 4507 1083 4584 ducurs
1101 4505 1348 4604 lachrymales
1368 4504 1550 4584 laterales.

1003 4695 1039 4798 ς.
1108 4699 1191 4812 ¹⁰6⁸,
1279 4691 1300 4758 ἶ·
1787 4796 1802 4838 x
2048 4807 2059 4816 .

215 4853 219 4858 ’
307 4851 360 4961 Vt
381 4853 497 4950 igitur
511 4823 651 4924 limbus
673 4849 944 4951 palpebrarum
971 4873 1093 4950 usque
1118 4848 1167 4922 ad
1194 4847 1561 4945 canthumnasalem
1586 4875 1654 4950 per
1676 4846 1869 4926 folliculos
1888 4854 2035 4928 Meibo·
2099 4845 2101 4854 ’
2192 4915 2197 4927 .

140 5007 301 5078 mianos
318 5005 531 5102 inungitur,
558 5007 612 5075 ita
628 5020 667 5076 et
683 5001 841 5074 canthus
862 4987 999 5073 nasalis
1015 5005 1115 5102 ipse,
1152 5004 1257 5096 cujus
1283 4997 1406 5072 limbis
1428 4999 1468 5071 bi
1488 4997 1650 5072 folliculi
1669 4998 1826 5094 desunt,
1849 5027 1919 5104 per
1938 5003 2035 5077 folli·
2080 5069 2086 5076 .

1162 5155 1195 5226 E
1264 5219 1269 5226 .
