4708 5700
2049 327 2069 371 ὅ

340 747 358 758 ν
454 639 540 732 Qua
570 644 715 712 ratione
743 639 776 712 id
809 643 970 732 egerim,
1001 641 1167 746 breviter
1197 643 1372 742 reseram.
1433 601 1657 738 Priusquam
1689 650 1921 745 respicerem
1954 677 2018 746 ea,
2062 613 2163 776 quae

215 781 220 804 ’
286 805 331 878 ab
361 805 441 877 aliis
470 807 516 879 de
548 809 716 904 partibus
747 807 820 878 illis
850 811 1027 904 exposita
1057 815 1098 879 et
1126 789 1316 906 disputata
1346 823 1505 904 essent,
1550 816 1954 906 partes'inquirendas
1993 823 2027 891 in
2059 833 2162 899 snm

176 931 184 940 ι
287 991 359 1044 suo
386 972 540 1043 naturali
572 971 794 1069 speculabar
828 983 869 1042 et
899 979 1177 1068 perscrutabar.
1238 973 1368 1066 Quum
1399 939 1674 1066 inquisitionem
1706 983 1867 1075 primam
1894 974 2159 1080 absiilvissem,

285 1139 433 1226 accidit,
464 1149 507 1211 ut
538 1142 572 1210 in
603 1157 737 1209 manus
768 1135 856 1208 mihi
887 1139 1037 1210 veniret
1066 1136 1159 1208 libe'r
1189 1129 1389 1216 continens
1415 1139 1587 1212 iudicium
1617 1163 1705 1212 acre
1736 1155 1776 1215 et
1806 1147 2017 1222 vehemens
2047 1152 2160 1226 lVlor.
2235 1193 2241 1198 -

287 1279 417 1394 gagni,
460 1301 544 1376 Viri
566 1301 778 1390 clarissimi,
818 1299 919 1393 quod
951 1295 1094 1374 fecerat
1124 1300 1171 1372 de
1202 1302 1359 1420 llianchi
1391 1258 1717 1380 ohselvationibus
1747 1331 1976 1400 organorum
2008 1313 2160 1413 lachry-

213 1453 219 1461 ’
254 1493 258 1500 ·
285 1467 449 1538 mallum.
508 1465 597 1543 Non
620 1465 763 1540 inficior
788 1463 1136 1544 animadversiones
1160 1487 1266 1538 meas
1291 1467 1336 1539 ad
1359 1467 1642 1542 similitudinem
1666 1471 1977 1546 observationum
2000 1479 2159 1554 Bianchi

262 1575 267 1606 l
338 1601 341 1607 .

285 1635 462 1731 proxime
489 1635 721 1722 accessisse,
764 1643 804 1703 et
839 1633 1013 1722 quamuis
1042 1630 1320 1722 intelligebam,
1382 1633 1556 1706 iudicium
1592 1633 1798 1728 Morgagui
1832 1641 2081 1716 iustissimum
2117 1655 2158 1721 et

285 1759 552 1892 gravissimum
579 1817 683 1886 esse,
715 1806 842 1869 tamen
864 1795 1069 1868 miserebat
1090 1812 1152 1866 me
1175 1797 1373 1890 scriptoris
1402 1797 1500 1872 illius
1519 1802 1687 1888 invenie,
1719 1821 1832 1894 quem
1854 1805 2036 1900 viderem,
2067 1831 2156 1884 cum

165 1965 175 1972 '
285 1936 330 2037 se
357 1957 551 2056 novi'quid
575 1965 767 2036 iuvenisse
788 1964 1024 2057 opinaretur,
1063 1962 1176 2032 nimio
1207 1959 1341 2050 gaudio
1368 1961 1607 2035 exultantem
1634 1973 1675 2034 et
1700 1967 1996 2065 triumphantem
2022 1975 2154 2046 obser-

163 2104 181 2121 ”
262 2131 457 2205 'vationes
475 2147 574 2226 ,suas
592 2127 795 2220 vulgasse,
832 2115 1033 2217 antequam
1060 2122 1376 2218 illasdiligentius
1399 2105 1661 2198 examinasset
1679 2136 1720 2199 et
1744 2133 1956 2226 probasset

448 2552 575 2627 Huius
597 2556 711 2660 igitur
731 2554 802 2629 viri
830 2551 1011 2651 exemplo
1037 2549 1274 2642 admonitus,
1325 2547 1393 2622 has
1420 2557 1552 2646 partes
1581 2555 1735 2653 saepius
1763 2555 1981 2652 disquisivi,
2026 2581 2154 2656 neque

284 2719 411 2794 solum
432 2717 606 2808 cultello,
643 2741 778 2794 verum
806 2721 917 2792 eliam
940 2705 1006 2806 ita,
1045 2726 1088 2790 ut
1111 2739 1240 2791 earum
1265 2727 1499 2790 structuram
1526 2721 1748 2811 coquendo,
1793 2723 2038 2828 macerando,
2068 2725 2152 2828 'hu-

282 2885 529 2988 moribusque
555 2886 669 2962 variis
696 2882 930 2960 infundendis
957 2883 1226 2976 investigarem
1255 2890 1296 2954 et
1323 2889 1601 2980 perscrutarer.

443 3307 571 3390 'Simul
597 3311 673 3406 legi
701 3335 853 3406 eorum,
888 3335 984 3408 quae
1005 3311 1065 3385 alii
1086 3307 1133 3385 de
1153 3309 1212 3402 his
1232 3308 1347 3397 rebus
1376 3311 1703 3408 conscripserant,
1734 3301 1873 3386 ‘omnia
1904 3333 2155 3410 quaecunque

282 3495 450 3578 possem.
518 3479 572 3552 lta
600 3476 840 3569 factumest,
884 3488 927 3553 ut
948 3479 1275 3554 observationibus
1304 3477 1466 3550 aliorum
1494 3476 1648 3550 labores
1683 3485 1723 3549 et
1748 3491 1908 3552 conatus
1935 3484 2010 3554 mei
2031 3482 2156 3576 aliqua

284 3669 337 3718 ex
358 3653 468 3744 parte
489 3643 779 3735 adiuvarentur,
825 3645 1070 3738 quamobrem
1099 3647 1239 3717 iustum
1268 3653 1309 3716 et
1329 3664 1494 3738 aequum
1524 3642 1641 3732 duxi,
1686 3645 1919 3740 scriptores,
1946 3667 2070 3740 „quos
2098 3649 2153 3721 in·

284 3813 502 3908 spexissem
529 3819 570 3882 et
597 3811 866 3898 adhibuissem,
904 3823 1013 3902 grate
1039 3809 1233 3882 nominare
1261 3819 1302 3880 et
1323 3828 1636 3881 commemorare.
1704 3805 1783 3883 Sed
1811 3831 1861 3881 ne
1884 3809 1982 3884 forte
2003 3812 2156 3884 nomina

279 3973 419 4054 borum
447 3980 677 4074 scriptorum
705 3979 856 4073 saepius
883 3949 1012 4051 notata
1041 3971 1244 4048 lectoribus
1278 3972 1493 4046 molestiam
1526 3975 1689 4067 aliquam
1718 3971 1966 4064 exhiberent,
2011 3989 2078 4050 aut
2106 3983 2176 4050 ne'

286 4163 349 4234 ea,
362 4227 365 4230 ,
380 4165 476 4235 quae
497 4165 570 4235 ego
589 4143 758 4216 dicturus
778 4159 926 4230 essem,
964 4142 1306 4216 commiscerentur
1332 4161 1418 4212 cum
1443 4142 1505 4232 iis,
1538 4141 1640 4234 ‘quae
1660 4145 1760 4239 apud
1783 4140 1876 4214 alios
1897 4141 2080 4235 legissem
2098 4141 2157 4215 tt-

268 4314 362 4400 'que
388 4307 474 4394 illud
498 4317 540 4380 et
558 4331 611 4380 ex
630 4304 761 4378 ordine
780 4327 912 4376 rerum
941 4301 1254 4402 exponendarum
1275 4315 1316 4378 et
1337 4328 1390 4378 ex
1411 4307 1590 4433 oratione*
1604 4307 1654 4378 ita
1676 4305 1931 4403 praeluceret,
1961 4319 2007 4382 ut
2028 4329 2160 4382 sermo

279 4474 532 4550 ‚inconcinnus
565 4481 605 4544 et
632 4467 865 4544 inordinatus
897 4469 1026 4558 fieret,
1072 4489 1273 4545 numerum
1295 4469 1476 4546 librorum
1499 4493 1519 4542 a
1542 4493 1606 4543 me
1628 4473 1891 4569 inspectorum
1920 4475 1958 4542 in
1980 4471 2078 4546 lines
2101 4475 2163 4546 in·

287 4637 385 4750 dicis
407 4663 460 4712 ex
487 4635 621 4710 ordine
648 4637 849 4760 temporis,
887 4657 964 4728 quo
985 4633 1123 4726 singuli
1150 4603 1354 4735 'conscripti
1377 4647 1509 4712 essent
1536 4639 1751 4728 constituti,
1795 4638 1950 4730 redegi,
1987 4641 2059 4730 qai·
2079 4643 2163 4737 ipse

285 4803 393 4904 labor
420 4801 545 4876 effecit
573 4799 631 4892 id,
676 4811 721 4875 ut
744 4801 902 4874 collecta
928 4797 1113 4894 quaedam
1142 4803 1378 4895 existerent,
1422 4799 1619 4879 historiam
1653 4804 1880 4902 cognitionis
1907 4777 2073 4904 pardum
2097 4803 2166 4881 de-

287 4971 518 5066 scriptarum
549 4989 686 5064 magua
714 4993 766 5044 ex
792 4965 1170 5074 partesillustrantla.
