4686 5700
863 672 867 680 ,
891 584 896 594 ’
981 585 1157 688 §.1302
1234 597 1240 608 '
1288 595 1296 606 '

302 721 492 817 Circuitus
514 743 706 842 posterior
726 742 804 861 sire
828 755 1008 815 externus
1035 741 1173 816 ductus
1194 741 1330 816 nasalis
1358 741 1638 852 membranacei
1665 743 1776 822 altius
1801 725 2008 842 descendit,

131 917 249 998 quam
265 877 406 968 canalis
423 917 511 967 suus
528 911 669 968 osseus.
721 891 819 965 Nam
833 917 904 992 per
917 893 1188 995 complicatam
1211 893 1470 968 membranam
1491 902 1720 998 pituitariam
1742 886 2036 976 semicanuem‘
2083 949 2086 958 ·
2123 951 2130 964 -

126 1045 468 1122 membranaceum
483 1013 640 1134 format,
670 1048 736 1144 qui
752 1048 792 1116 in
814 1048 960 1146 pariete
983 1053 1308 1119 externo¹meatus
1338 1027 1487 1150 narium
1512 1047 1699 1122 inferioris
1721 1048 1936 1140 descendit,
1974 1071 2012 1126 et

126 1203 230 1273 intra
244 1202 284 1270 in
298 1195 444 1299 plicam
459 1193 702 1270 membranae
723 1199 937 1298 pituitariae
955 1199 1042 1270 exit.
1095 1200 1169 1270 Hic
1188 1196 1324 1270 ductus
1343 1198 1477 1272 nasalis
1494 1196 1579 1270 linis
1596 1224 1680 1270 eam
1698 1197 1747 1290 ob
1763 1163 1931 1274 caussam
1945 1230 2011 1278 ne-

127 1373 324 1452 quaquam
342 1344 482 1422 canalis
500 1364 574 1436 est,
601 1371 732 1418 verum
746 1345 1002 1442 ¹semicanalis,
1029 1352 1211 1448 quoniam
1228 1351 1398 1422 internus
1417 1343 1596 1422 circuitus
1611 1349 1691 1445 ‘ejus
1705 1347 1856 1425 brevior
1869 1373 1942 1444 est,
1971 1375 2009 1430 et

126 1501 184 1575 ibi
200 1500 318 1573 linem
332 1496 466 1589 habet,
494 1493 561 1570 ubi
576 1495 717 1572 canalis
737 1523 867 1572 osseus
885 1502 1126 1594 terminatur,
1150 1515 1323 1612 nequ'e
1301 1503 1431 1600 transit
1447 1504 1496 1572 in
1503 1503 1588 1600 ipso
1603 1499 1772 1575 inferiori
1780 1507 1940 1576 circuitu
1950 1531 2010 1579 ca
2075 1533 2081 1564 ··

125 1650 224 1726 nalis
243 1653 342 1724 ossei
356 1652 397 1720 in
411 1645 672 1722 membranam
687 1652 937 1748 pituitariam,
963 1650 1032 1724 sed
1050 1649 1147 1723 haec
1161 1649 1383 1724 membrana
1396 1675 1482 1724 cum
1500 1650 1617 1781 ductu
1636 1654 1756 1729 nasali
1777 1653 2009 1734 descenden-

127 1823 167 1882 te
183 1805 407 1900 conjuncta,
414 1793 652 1874 conformat
664 1797 824 1902 pllcam,
857 1827 956 1902 quae
970 1805 1063 1904 tegit
1076 1757 1173 1879 latus
1191 1822 1389 1880 externum
1411 1775 1557 1880 ductus

986 2089 1023 2198 §-
1068 2098 1165 2173 ¹31³

215 2223 219 2234 ⁵
294 2233 445 2362 Du'c'tm
459 2225 761 2323 nasalis³interne
776 2245 986 2322 admodum
1007 2247 1258 2349 complicatus
1277 2229 1351 2337 esl3
1387 2273 1476 2322 nam
1499 2226 1592 2324 cutis
1622 2253 1700 2348 ejus
1721 2249 1844 2326 vario's
1867 2249 2042 2344 lonnat¹
2116 2299 2122 2308 ι
2193 2229 2196 2236 ’

129 2403 253 2476 hiatus
267 2426 399 2504 parvos
416 2405 493 2474 sive
509 2395 646 2500 plicas,
674 2403 752 2474 sive
773 2423 893 2500 rugas.
944 2403 990 2472 ln
1003 2409 1112 2501 parte
1124 2404 1321 2501 superiore
1336 2401 1473 2475 ductus
1490 2398 1625 2474 nasalis
1641 2421 1745 2476 extra
1760 2427 1885 2478 versus
1904 2425 2006 2486 extat
2023 2472 2027 2484 ,

124 2554 231 2656 plica
244 2555 534 2628 membranacea
546 2551 855 2644 semicircularis,
890 2549 960 2624 sub
976 2577 1052 2651 qna
1067 2551 1201 2626 ductu
1222 2550 1465 2647 lachrymales
1489 2551 1660 2628 laterales
1686 2555 1924 2653 aperiuntur,
1962 2554 2004 2630 id
2104 2617 2109 2622 .

106 2705 236 2814 'quod
250 2705 293 2778 fit
308 2709 349 2777 in
365 2705 492 2780 media
506 2707 659 2794 circiter
675 2727 720 2778 ea
735 2703 871 2780 ductus
888 2699 1165 2801 nasalisparte,
1194 2729 1293 2803 quae
1313 2724 1417 2778 extra
1437 2701 1606 2778 canalem
1623 2727 1792 2793 osseum,
1826 2707 1866 2778 in
1883 2706 2031 2782 orbita(

124 2877 197 2948 eet,
226 2877 265 2932 et
286 2861 342 2930 ita·
366 2855 546 2957 quidem,
568 2874 611 2928 ut
628 2854 846 2958 superhaec
861 2853 1007 2937 orificia
1019 2879 1105 2956 pars
1118 2854 1257 2967 canalis
1270 2857 1410 2953 jaceat,
1438 2883 1552 2958 quem
1563 2855 1718 2957 quidam
1733 2875 1871 2930 vocant
1868 2859 2003 2957 finem

129 3037 298 3087 coecum
318 3011 430 3080 sacci
444 3005 715 3106 lachrymalis.

825 3301 828 3311 ,
877 3355 887 3384 ι
973 3311 1165 3420 §.132
1242 3335 1244 3340 '

289 3469 443 3586 Praeter
446 3465 891 3599 aponevrosinmusculi
908 3451 1150 3563 orbicularis,
1179 3495 1253 3572 qua
1269 3493 1353 3570 pars
1368 3494 1558 3570 superior
1571 3463 1706 3542 ductus
1734 3463 1869 3544 nasalis
1895 3469 2088 3556 vesti-1

117 3649 185 3703 tur
200 3643 238 3700 et
268 3627 520 3743 periosteum,
549 3641 698 3696 constat
713 3619 776 3698 hic
797 3623 936 3696 ductus
949 3623 1061 3696 etiam
1077 3616 1225 3696 duobus
1247 3619 1493 3716 membranis,
1521 3639 1688 3693 eaffterna
1716 3619 1832 3694 altera
1849 3628 2002 3700 tenerri-

114 3805 202 3870 ma,
230 3745 333 3866 alba,
361 3773 554 3916 alteraque
579 3780 795 3855 interiore,
824 3715 959 3876 ¹quae
938 3773 1181 3850 membranae
1195 3757 1409 3876 pituitariae
1424 3799 1504 3845 nasi
1494 3746 1741 3874 productio
1742 3795 1823 3846 esse
1839 3771 2013 3870 videtur,

118 3959 165 4006 ιιι
183 3929 303 4002 ductu
319 3945 483 4000 exeunte
500 3925 752 4026 complicatae
771 3947 808 4000 et
826 3953 1041 4002 urnversum
1065 3932 1265 4001 circuitum
1284 3925 1443 3998 ductus
1435 3943 1839 4000 intentumtesncntrs
1893 3928 2002 4020 Quae
2048 3933 2052 3944 '
2085 3967 2092 4032 ξ

120 4090 277 4159 interna
291 4078 514 4152 membrana
532 4043 742 4152 atllnodtlm
759 4054 874 4152 rubra
889 4095 945 4154 est
959 4079 1009 4153 ob
1023 4084 1175 4180 copiam
1183 4096 1378 4168 rasorum,
1409 4103 1506 4177 quae
1517 4081 1703 4162 continet;
1733 4094 1771 4150 et
1778 4074 2002 4149 velutrnem-

123 4235 248 4310 brana
262 4235 455 4334 pituitaria
467 4229 594 4332 plures
614 4227 730 4308 habet
747 4236 903 4330 exiguos
919 4228 1112 4308 folliculos
1126 4253 1324 4324 mucosus,
1352 4228 1490 4332 quibus
1508 4221 1694 4308 confluo
1717 4225 1935 4302 lubricatur.

625 4411 628 4420 .
660 4375 668 4405 l

978 4535 1014 4646 ἓ.
1074 4535 1155 4622 133.

295 4687 434 4771 Fibrar—
454 4689 688 4772 muiculares
710 4689 758 4770 acl
782 4695 939 4770 ductum
958 4695 1126 4770 nasalem
1144 4698 1397 4797 pertinentes,
1432 4713 1471 4767 et
1488 4688 1734 4792 ligamentum
1749 4683 2005 4782 tendinosum,

123 4855 236 4950 cujus
258 4852 494 4924 mentionem
527 4843 619 4922 facit
651 4849 690 4920 le
712 4849 811 4938 Cat,
853 4873 930 4946 ego
942 4873 1141 4950 nunquam
1160 4845 1419 4934 animadverti.
1473 4844 1548 4918 Setl
1564 4871 1649 4944 pnrs
1669 4843 1802 4916 ductus
1821 4844 2006 4941 superior,

122 5029 227 5110 quae
241 5004 352 5078 estin
370 4998 511 5090 orbita,
547 4979 847 5100 c'oarctaripone
859 4997 952 5070 mihi
964 4998 1114 5086 ridetur
1128 4999 1178 5074 ob
1188 5002 1433 5090 vicinitatem,
1464 5019 1562 5096 qnae
1578 4999 1613 5068 ei
1629 5011 1683 5067 est
1700 5017 1787 5068 curn
1806 4989 2008 5066 orbiculari

1140 5157 1169 5226 F
