4686 5700
236 335 359 443 ‚sp

309 487 500 628 putanmt
552 519 731 596 Excretio
743 516 816 592 isto
831 515 1076 593 continenter
1091 511 1153 606 fit,
1180 515 1233 588 ita
1253 530 1412 622 temen„
1425 527 1575 622 ursano
1589 497 1636 589 ¹et
1655 513 1863 618 tranquillo
1879 515 1996 592 oculo
2015 514 2189 598 hnmano

276 738 279 745 s
308 701 444 779 parum
461 673 580 754 semel
596 689 833 798 soporentur,
861 667 969 772 quod
983 693 1053 770 par
1066 665 1288 770 palpebram
1302 692 1417 767 super
1431 659 1659 742 anteriorem
1673 665 1780 740 bulbi
1795 667 2036 772 superficiem
2052 660 2191 746 diffun-

311 828 431 920 ditur,
458 845 501 898 ut
516 823 652 922 bulbus
668 846 804 924 purus,
831 819 965 912 laevis,
993 819 1241 920 lubricusque
1257 842 1410 920 semper
1433 810 1706 896 conservetur(
1742 827 1845 901 Inter
1865 820 1971 894 hunc
1992 820 2194 900 usum‘hua

310 983 427 1054 moris
443 974 679 1070 lachrymalis
698 969 888 1064 evanescit
903 969 1030 1072 aliqua
1049 973 1127 1068 ejus
1144 995 1230 1070 pars
1245 973 1286 1044 in
1301 995 1409 1046 auras
1418 1025 1429 1064 ,
1456 971 1604 1074 reliqua
1620 999 1710 1048 vero
1735 993 1774 1052 et
1788 975 1910 1070 major
1924 977 2043 1050 mixtu
2056 973 2194 1048 humo·

212 1116 218 1131 ’
309 1131 432 1220 ribus,
461 1132 597 1232 quiex
620 1122 881 1202 exhalantibus
904 1126 997 1196 vasis
1020 1124 1284 1224 conjunctivae
1297 1127 1545 1225 proveniunt,
1573 1147 1643 1226 per
1657 1129 1733 1198 uias
1750 1124 1996 1220 inchryrrrales
2012 1151 2059 1200 ex
2074 1123 2192 1200 ocrtlo

309 1285 352 1358 in
372 1306 481 1356 nares
508 1277 719 1353 deducitur.
774 1283 779 1293 ‘
800 1281 903 1378 Quas
926 1279 1025 1375 ipsas
1047 1259 1131 1347 vias'
1155 1271 1389 1356 deducentes
1409 1279 1462 1352 ita
1485 1301 1591 1354 nunc
1618 1275 1920 1370 consideremus,
1955 1295 1999 1352 ut
2016 1278 2190 1380 inprimis

277 1409 499 1512 ''ranonem
523 1429 729 1510 habeamus
749 1446 958 1506 struendae
980 1449 1120 1532 earum.
1178 1513 1181 1520 Ι

1046 1941 1231 2048 CAP·
1313 1945 1443 2136 ΥΠ·

374 2178 633 2276 Detriptio
687 2171 867 2246 ductus
918 2167 1115 2244 nasalis
1168 2191 1274 2241 cum
1327 2167 1603 2244 canalibus
1652 2173 1752 2248 suis
1802 2171 2125 2250 lateralibus.

335 2578 340 2589 Ι
1149 2469 1193 2571 5.
1236 2495 1334 2571 ¹120,
1987 2574 1994 2584 ι
2047 2573 2052 2596 Ι

216 2639 221 2646 ’
310 2635 362 2736 Iu
377 2653 528 2722 interno
547 2643 687 2744 angulo
709 2643 812 2721 oculi
822 2643 1017 2746 'palpebra
1034 2660 1194 2744 utraque
1211 2643 1400 2718 orificium
1422 2643 1565 2736 hebet„
1592 2643 1700 2746 quod
1713 2663 1915 2746 punctum
1937 2645 2193 2747 lachrymae

310 2815 487 2892 vocatur,
514 2814 554 2872 et
569 2798 744 2870 introitus
761 2814 818 2872 est
834 2793 882 2868 ad
896 2791 1149 2904 canaliculum
1167 2819 1324 2893 parvum
1337 2791 1689 2889 membranaceum,
1715 2800 1788 2888 {cui
1802 2821 1949 2874 nornen
1970 2813 2027 2872 est
2048 2799 2192 2886 ductus

312 2951 495 3026 lateralis
513 2935 826 3050 lachrymarum.
880 2951 1035 3022 Ductus
1050 2941 1213 3020 lateralis
1230 2943 1507 3042 lachrymarum
1524 2967 1687 3049 uterque
1700 2947 1915 3030 ineundam
1931 2951 2117 3048 majorem
2132 2973 2192 3024 ca·

312 3102 439 3176 nalem
453 3103 547 3190 exit,
582 3104 650 3200 qui
675 3117 833 3172 vocatur
852 3097 987 3172 ductus
1009 3096 1291 3195 longitudinalis
1313 3096 1468 3188 nasalis,
1505 3118 1543 3172 et
1563 3125 1633 3200 per
1653 3097 1826 3172 canalem
1847 3095 2016 3175 nasalem
2040 3125 2192 3174 osseum

312 3253 491 3326 humores
508 3253 552 3322 in'
567 3249 654 3322 lacu
679 3247 900 3342 lachrymali
920 3245 1104 3332 collectos
1127 3265 1167 3323 at
1191 3273 1213 3320 a
1235 3247 1410 3325 ductibus
1432 3247 1653 3326 lateralibus
1685 3275 1756 3353 per
1778 3270 1923 3354 puncta
1947 3250 2193 3364 lachrymaliu

314 3403 514 3512 absorptos
529 3405 570 3476 in
586 3385 878 3478 nares'deducit.
1065 3489 1074 3510 Ι
1591 3472 1594 3481 ,
1769 3411 1774 3420 ’
1835 3461 1839 3480 ,
2005 3421 2040 3484 a!

1168 3754 1228 3856 §.⁴
1263 3783 1345 3832 121.

431 3927 436 3940 ⁸
466 3911 670 4020 ‘Punctum
686 3937 916 4036 lachrymale
925 3937 1085 4042 quodvis
1096 3961 1198 4016 extat
1212 3941 1643 4047 ineminentiaquadam
1658 3913 1829 4038 minutas
1844 3935 2065 4042 conisormi‚
2090 3973 2194 4054 quae

315 4090 527 4202 appellatur
536 4091 699 4194 papilla
715 4093 977 4195 lachrymalis
984 4121 1000 4181 ,·
1027 4113 1065 4170 et
1079 4098 1250 4195 inprimis
1269 4099 1311 4168 in
1328 4097 1539 4174 senioribus
1559 4103 1729 4173 eminens
1743 4117 1799 4174 est
1814 4119 1851 4174 et
1867 4103 2086 4203 conspicua.

479 4399 587 4470 Haec
603 4395 744 4497 papilla
762 4415 910 4472 constat
925 4423 973 4474 ex
987 4397 1210 4490 subalbido,
1239 4401 1482 4502 cartilagineo
1501 4428 1547 4478 ex
1567 4402 1724 4478 densata
1745 4403 1821 4478 tela
1840 4401 2023 4480 cellulosa
2039 4401 2194 4480 confor-

315 4569 418 4628 mato
436 4546 598 4638 annulo,
626 4551 693 4648 qui
705 4547 832 4624 firmus
849 4571 924 4642 est,
951 4552 1106 4627 extendi
1121 4571 1160 4627 et
1180 4553 1353 4626 contrahi
1368 4574 1512 4655 potest,
1541 4573 1578 4629 et
1594 4553 2025 4657 punctumlnchrymale
2040 4583 2194 4659 semper

314 4719 488 4806 apertum
496 4718 697 4796 sustentat,
725 4728 775 4778 ne
788 4703 987 4800 concidat,
1016 4729 1148 4782 verum
1163 4709 1291 4810 potius
1310 4703 1518 4802 lachrymas
1534 4703 1724 4806 indacum
1745 4693 2014 4804 lachrymalem
2038 4729 2192 4786 coactas

316 4858 488 4958 recipere
502 4857 633 4954 possit.
