4708 5700
298 465 415 522 xv111

300 637 473 732 mentum
500 637 615 694 tenue
643 615 807 707 cerebri,
834 613 990 692 alteram
1018 635 1305 724 excrementum
1333 619 1447 728 oculi.
1519 609 1604 696 Hae
1636 617 1852 719 lachrymae
1888 623 2121 727 colliguntur
2149 646 2188 703 et

296 773 514 846 'retinentur
539 777 578 844 in
605 768 838 870 pinguedine
866 789 903 841 et
927 769 1113 868 glandulis
1141 769 1242 844 velut
1268 775 1307 846 in
1341 774 1547 873 spongiis..
1588 774 1650 847 Sic
1683 779 1756 875 ipsi
1791 776 1992 852 oculorum
2026 778 2189 854 musculi

306 929 334 998 a'
354 923 552 1016 lachrymis
577 920 854 994 humectantur.
907 921 1114 1022 Duplicem
1141 929 1239 996 riam
1267 923 1604 998 exinaniendarum
1628 922 1906 1021 lachrymarum
1931 947 2065 1004 natum
2083 955 2190 1032 para·

120 1124 124 1152 .
186 1154 192 1180 Ι
306 1080 367 1150 vit.
420 1073 549 1149 Altera
574 1090 631 1146 est
657 1097 726 1173 per
753 1071 956 1145 oculorum
983 1073 1164 1173 angulum
1190 1093 1414 1176 utrumque,
1442 1071 1561 1149 altera
1586 1101 1801 1176 pernares.
1868 1083 1927 1154 Ex
1959 1085 2112 1182 punctis
2137 1080 2192 1154 la·

244 1269 249 1274 ·
310 1218 562 1321 chrymalibus
588 1249 764 1300 emanare
790 1243 900 1324 putat
924 1223 1143 1320 lachrymas.
1196 1223 1410 1300 ln'naribus
1430 1221 1690 1330 superioribus
1717 1232 1766 1305 ad
1792 1236 1984 1306 internum
2012 1229 2193 1332 angulum

309 1378 497 1494 foramina
522 1383 561 1452 in
590 1403 675 1452 osse
702 1394 855 1477 patent,
883 1379 924 1448 in
951 1401 1050 1476 quae
1077 1376 1411 1452 decurrit'canalis
1439 1379 1488 1452 ad
1514 1375 1724 1474 lachrymas
1750 1388 1791 1456 iu
1818 1409 1927 1459 nares
1956 1383 2189 1459 derivandae.

309 1537 446 1606 Icones
474 1535 587 1604 etiam
616 1527 723 1602 dedit
746 1525 954 1627 palpebrae
982 1554 1070 1602 cum
1096 1529 1275 1605 musculis
1302 1532 1398 1606 Tab.
1424 1562 1455 1607 r.
1483 1530 1532 1608 de
1558 1537 1639 1607 visu
1665 1537 1742 1637 Fig.
1765 1565 1795 1610 1.
1812 1563 1846 1611 2.
1863 1539 1898 1614 3.
1915 1555 1954 1612 et
1971 1548 2007 1624 4.
2041 1537 2137 1612 Tab.
2156 1537 2191 1612 3.

239 1677 243 1688 ’
311 1682 373 1785 fig.
396 1687 430 1760 3.
455 1709 503 1759 ex
522 1657 688 1768 immane
712 1697 750 1753 et
764 1677 890 1788 ,ovillo
918 1678 1045 1754 oculo.

479 1993 663 2067 BartlroZ.
691 1973 903 2063 Eustachii
935 1989 1120 2062 Tabulae
1148 1989 1416 2060 anatomicae
1444 1991 1539 2064 edit.
1569 2018 1598 2064 a
1621 1943 1987 2072 Maria-Earlcisio
2020 1998 2190 2072 Romae.

320 2157 426 2246 1714.
455 2142 534 2217 Fol.
558 2142 653 2216 Tab.
673 2145 734 2240 39.
762 2128 906 2240 Figa.¹
948 2143 1109 2212 Lerator
1135 2118 1342 2242 palpebrae
1365 2147 1570 2244 superioris
1595 2143 1768 2246 depictus
1794 2165 1858 2220 est.

482 2419 516 2491 I.
543 2421 729 2519 Baptista
754 2417 964 2491 Caroaaus
982 2413 1068 2488 Lib.
1085 2417 1140 2488 II.
1166 2421 1406 2517 inquorum
1433 2423 1567 2522 priori
1595 2422 1646 2494 de
1669 2421 1801 2496 cordis
1823 2445 2014 2496 uasorum
2038 2426 2083 2494 in
2099 2421 2197 2520 fetu

289 2553 294 2562 ⁸
319 2576 471 2646 ustione
485 2589 787 2671 pertractatur,
815 2573 858 2638 in
882 2565 1012 2638 altero
1039 2567 1091 2638 de
1108 2569 1295 2641 musculis
1313 2573 1608 2670 palpebrarum
1636 2593 1763 2672 atque
1793 2577 2004 2648 oculorum
2027 2575 2199 2648 motibus

270 2798 274 2812 ,
319 2721 644 2794 deservientibus·
662 2721 857 2790 accurate
891 2719 1106 2810 disseritur.
1154 2721 1281 2791 Tisia.
1311 2720 1418 2818 1574.
1445 2723 1480 2796 8.
1538 2719 1757 2792 Musculum
1787 2721 2043 2810 orbicularem
2069 2723 2202 2824 palpe-

319 2872 472 2946 brarum
500 2891 536 2948 ct
561 2877 783 2946 Levatorem
807 2869 1016 2976 palpebrae
1040 2873 1247 2975 superioris
1259 2871 1262 2879 ’
1274 2869 1469 2982 describit.¹
1494 2961 1497 2968 ,
1518 2869 1749 2948 Glandulam
1766 2849 2046 2948 'innominatum
2064 2872 2202 2950 humo-

321 3053 402 3104 rem
432 3051 631 3103 secernere
658 3025 784 3106 docet.

489 3305 573 3379 Sal.
600 3305 763 3380 Alberti
789 3311 987 3405 (praeses)
1005 3323 1043 3377 ct
1058 3289 1118 3378 M.
1138 3303 1287 3405 Henig.
1313 3304 1379 3374 De
1394 3303 1585 3406 lucrinus,
1618 3299 1947 3406 Vtreberg.1581.
1968 3313 2003 3390 4.
2056 3291 2204 3378 Auctor

270 3491 276 3502 ·
326 3459 583 3556 cognitionem
595 3462 831 3560 'scriptorum
852 3475 1023 3542 ueterum
1042 3455 1144 3531 haud
1164 3457 1356 3558 vulgarem
1383 3453 1568 3548 ostendit,
1603 3481 1732 3556 neque
1759 3453 1885 3530 solum
1905 3462 2046 3558 scripta
2068 3481 2203 3531 eorum

206 3639 209 3651 ¹
282 3656 290 3668 ι
322 3631 542 3710 percenset,
568 3611 768 3686 sedverias
791 3637 948 3711 quoque
969 3609 1245 3707 lachrymarum
1273 3633 1401 3684 causas
1423 3607 1599 3710 inquirit,
1625 3633 1707 3682 non
1730 3607 1892 3684 eandem
1917 3607 2073 3708 siugulis
2096 3626 2205 3682 natu-

324 3785 405 3834 ram
425 3763 605 3838 tribuens.
657 3767 839 3862 Denique
862 3759 1029 3835 remedia
1051 3759 1159 3835 affert
1178 3759 1380 3840 leniendae
1405 3765 1546 3834 nimiae
1566 3757 1844 3870 lachrymarum
1862 3763 2096 3836 secretionis.
2135 3763 2221 3870 Lag

327 3909 497 4008 chrymas
521 3919 620 3990 enim
643 3933 751 4016 putat
777 3917 816 3986 in
838 3911 1091 3986 ventricrdum
1121 3919 1275 3988 tertium
1304 3911 1451 3987 cerebri
1481 3911 1694 4004 confluere,
1735 3911 1923 3988 sed'inde
1950 3932 2083 3986 exorta
2113 3937 2205 4014 qua-

326 4063 415 4138 dam
445 4065 728 4141 vehementiore
749 4069 863 4157 animi
885 4068 1166 4158 commotione,
1193 4071 1233 4140 in
1248 4047 1494 4140 caruitculam
1516 4059 1786 4160 lachrymalern
1813 4063 1953 4140 abduci
1973 4081 2011 4142 et
2038 4063 2208 4166 denique

327 4245 397 4322 per
424 4245 569 4295 cornua
596 4218 776 4318 limacum
801 4216 994 4294 exsudare.

493 4497 684 4599 Stephon.
720 4497 772 4572 de
809 4497 1000 4572 Vescoeis
1034 4495 1246 4570 consilium
1279 4495 1331 4570 de
1357 4493 1572 4586 lacrymis,
1605 4498 1778 4570 uomitu.
1820 4497 2005 4572 'Brixiae
2034 4493 2142 4572 1583.
2170 4505 2205 4583 4.

479 4757 625 4832 Dauid
644 4757 780 4830 Herliz
801 4761 1110 4830 arercirotioarr
1126 4753 1441 4856 physiologicas.
1467 4751 1555 4828 Lib.
1576 4755 1608 4830 I.
1668 4757 1735 4831 De
1756 4757 1885 4830 causis
1905 4753 2205 4849 lacrumarum,

324 4910 453 4991 uisus,
484 4912 791 4988 sternutationis
818 4929 857 4986 et
882 4915 1047 4988 sudoris.
1100 4909 1439 5014 Gryphisualdae.
1472 4907 1569 4996 1584
1592 4919 1639 4996 .4.
