4686 5700
1998 437 2048 512 23

1345 563 1349 572 '
1407 565 1412 598 l

165 593 189 633 ⁷
211 683 217 692 .
319 597 557 726 Superslcies
566 621 733 696 externa
744 623 941 722 utriusque
951 617 1158 724 palpebrae
1167 623 1412 715 conterreat,
1428 640 1466 698 et
1475 625 1569 700 cutis
1580 624 1749 722 ejusdem
1759 625 1923 699 crinibus
1933 645 2046 701 carot.

301 799 555 932 duperstcies
575 834 741 902 interna
766 853 935 903 concava
960 845 1034 919 est3
1071 833 1188 921 cutis,
1216 857 1316 932 quae
1337 835 1378 906 in
1397 857 1442 908 ea
1464 851 1537 924 est,
1566 829 1731 904 crinibus
1756 849 1877 923 caret,
1906 850 1944 906 et
1967 851 2046 905 tam

163 985 288 1058 'tenuis
308 1001 386 1074 est,
412 1001 455 1054 ut
475 979 669 1056 folliculos
691 981 993 1074 Meibomiauos,
1022 985 1089 1082 qui
1111 981 1181 1066 sub
1211 1007 1256 1057 ea
1278 954 1415 1076 latent,
1444 1003 1482 1058 et
1505 981 1552 1057 de
1578 983 1721 1084 quibus
1737 983 1832 1072 inira
1856 981 2046 1085 quaedam

164 1137 356 1226 dicentur,
385 1158 619 1242 cognoscere
633 1159 766 1236 possis
819 1138 862 1206 Ιιι
879 1153 987 1236 parte
1005 1160 1203 1236 superiore
1216 1131 1620 1238 superficrermternae
1645 1133 1850 1237 palpebrae
1873 1105 2045 1287 superio·
2099 1151 2108 1158 “

103 1335 108 1344 ·
161 1295 231 1382 ris,
258 1292 299 1360 in
313 1304 401 1367 cute
418 1303 602 1388 apparent
617 1305 764 1389 septem
779 1296 916 1361 octo‘ve
936 1284 1123 1360 foramina
1140 1291 1315 1402 minima,
1344 1313 1443 1390 quae
1463 1306 1552 1362 sunt
1572 1285 1709 1366 ostiola
1729 1262 1930 1361 ductuum
1940 1287 2044 1386 glan-

163 1423 276 1516 dulae
297 1408 545 1535 lachrymalis.
601 1439 726 1529 Cutis,
755 1463 854 1539 quae
881 1443 921 1510 in
951 1439 1186 1542 superficie
1175 1421 1323 1514 interna
1349 1437 1620 1540 palpebrarum
1647 1457 1723 1535 est,
1757 1443 1953 1540 conjungit
1980 1463 2042 1517 eas
2099 1443 2106 1452 '

162 1613 374 1721 camparte
391 1597 579 1672 anteriore
595 1570 704 1708 bulbi
717 1589 837 1684 oculi,
865 1609 909 1666 ut
922 1588 1021 1664 infra
1038 1581 1249 1668 accuratius
1268 1591 1600 1669 demonstrabitur.
2020 1587 2023 1595 ’

291 2037 499 2154 “palpebra
522 2027 698 2152 superior
721 2049 844 2146 major
864 2065 920 2122 est
939 2045 1123 2122 inferiore
1143 2069 1181 2122 et
1204 2045 1408 2141 mobilior,
1446 2051 1635 2152 quonium
1655 2045 1833 2150 singulari
1850 2047 2037 2141 mu'sculo,

158 2207 326 2283 levatore
347 2203 554 2306 palpebrae
577 2205 783 2302 superioris
805 2207 989 2274 instructa
1014 2215 1080 2275 est
1143 2205 1279 2302 Neque
1305 2208 1407 2276 enim
1440 2206 1482 2274 in
1501 2197 1740 2276 latitudinem
1770 2199 1895 2276 solum
1920 2203 2038 2300 magis
2089 2253 2097 2262 -
2126 2237 2134 2248 ·

161 2356 395 2450 extenditur,
425 2383 540 2472 quam
563 2353 737 2445 inferior,
766 2353 833 2426 sed
851 2351 1034 2426 diameter
1049 2354 1161 2428 etiam
1181 2357 1258 2451 ejus
1273 2353 1365 2430 inde
1389 2358 1596 2456 emargine
1619 2351 1967 2456 palpebraeusque
1989 2351 2039 2428 ad

159 2487 368 2628 marginem
387 2507 562 2587 orbitae
551 2535 592 2582 m
607 2505 758 2608 longius
770 2503 1008 2618 producitur.

986 2803 1050 2910 i·
1105 2794 1168 2912 6'7·
1219 2891 1222 2902 .

277 2941 290 2960 Η
308 2963 495 3068 Palpebra
511 2967 706 3080 superiore
722 2959 881 3056 elevata,
909 2939 1123 3064 apertisque
1140 2953 1279 3056 oculis,
1310 2957 1403 3037 cr'r'tis
1428 2961 1516 3062 ejus'
1532 2933 1778 3066 componitur
1796 2937 1837 3036 in
1858 2935 2033 3064 plicam,

155 3145 256 3226 quae
278 3119 382 3194 velut
408 3145 538 3221 margo
566 3119 730 3220 caritatis
753 3097 855 3192 oculi
881 3135 1072 3219 arcuatus,
1108 3139 1279 3190 convexa
1301 3137 1390 3190 esa·
1418 3115 1606 3218 Palpebra
1625 3115 1726 3191 enirn
1753 3141 1835 3190 sese
1862 3117 1969 3216 quasi
1992 3117 2033 3186 in
2122 3209 2130 3214 .
2160 3143 2163 3148 ¹

153 3274 390 3374 duaspartes
407 3276 625 3374 componit,
653 3272 801 3343 durnin
817 3267 943 3342 media
955 3294 1023 3340 sua
1038 3285 1146 3375 parte
1163 3268 1382 3368 longissime
1402 3263 1561 3342 reducta
1586 3287 1652 3342 est.
1705 3271 1793 3340 Pars
1820 3270 1898 3364 ejus
1921 3249 2032 3366 supe·

151 3431 235 3500 rior
249 3425 340 3498 inde
356 3451 378 3497 a
392 3429 562 3526 margine
576 3422 724 3496 orbitae
740 3433 859 3522 usque
881 3425 921 3492 in
937 3419 1107 3492 medium
1131 3440 1223 3496 tunc
1246 3424 1345 3519 jacet
1365 3447 1387 3492 a
1406 3425 1603 3524 superiore
1623 3439 1723 3496 retro
1747 3444 1885 3494 versus..
1939 3420 2029 3492 Pars

148 3581 298 3680 reliqua
314 3576 405 3650 inde
422 3604 444 3648 a
460 3575 590 3660 medio
605 3601 728 3676 usque
744 3573 793 3647 ad
807 3563 1016 3672 marginem
1030 3567 1237 3674 palpebrae
1257 3565 1436 3652 deorsum
1458 3593 1496 3652 et
1519 3591 1623 3650 extra
1644 3597 1772 3651 versus
1793 3571 1937 3648 directa
1961 3568 2049 3664 ests

148 3735 207 3806 ita
218 3749 262 3806 nt
280 3727 363 3859 sola
377 3727 536 3810 inferior
550 3753 636 3830 pars
654 3719 862 3830 palpebrae
878 3743 1069 3828 appareat.

1039 4077 1048 4094 .
1102 4017 1164 4099 68.
1257 4085 1258 4088 ,

227 4139 235 4146 -
303 4171 541 4250 aimborum
553 4135 822 4278 palpebrarum
837 4167 932 4250 alter
952 4015 1179 4264 additarum
1199 4188 1402 4247 conversus
1420 4186 1491 4268 est,
1517 4167 1642 4266 idest,
1668 4120 1805 4246 limbus
1820 4165 2027 4274 palpebrae

145 4329 358 4434 superioris
386 4327 587 4421 deorsum,
608 4325 752 4403 limbus
768 4325 959 4404 inferioris
979 4347 1069 4402 vero
1095 4351 1243 4401 sursum
1262 4325 1426 4404 directus
1445 4345 1511 4401 est.

155 4605 160 4616 .
203 4631 206 4634 ,
302 4536 341 4614 ,v
341 4553 476 4638 terque
488 4534 626 4630 limbus
649 4535 1121 4625 extraversusconcaras,
1141 4533 1241 4606 intra
1254 4556 1380 4610 versus
1397 4553 1586 4608 convexus
1604 4547 1669 4605 est.

204 4738 209 4746 ⁶
302 4743 495 4824 circ-uiuis·
511 4757 689 4818 erremus
706 4737 815 4816 limbi
830 4739 1037 4844 palpebrae
1052 4739 1275 4842 superioris,
1303 4745 1512 4843 marginem
1526 4757 1679 4814 acutum
1692 4729 1878 4828 formans,
1905 4737 2023 4834 magis

140 4894 452 5004 eminet,›quam
464 4898 651 4974 internus.
704 4895 781 4969 Sed
795 4899 835 4968 ia
850 4893 1035 4994 palpebra
1055 4881 1385 4995 inferioremargo
1404 4897 1570 4968 anterior
1596 4909 1784 4978 externus,
1810 4893 2021 4988 posteriore

138 5052 298 5134 iuterna
328 5049 544 5153 depressior
559 5068 631 5153 ,est
656 5053 725 5144 ita,
760 5065 804 5124 ut
832 5049 1302 5152 extremitatesautriusque
1327 5043 1533 5150 palpebrae
1554 5043 1627 5120 sibi
1646 5044 1810 5118 invicem
1831 5045 2023 5152 aptissima
