4708 5700
972 563 976 570 ’
1072 525 1086 548 ”
1159 540 1195 645 S·
1254 533 1311 634 ili·
1408 625 1410 634 ,

448 716 636 826 Margines
655 699 816 820 ¹quoque
829 717 989 790 triremi
1011 719 1096 790 satis
1112 715 1211 791 firmi
1228 715 1328 812 sunt,
1357 715 1524 820 quamvis
1544 717 1626 796 'hoc
1654 741 1811 826 quoqne
1831 725 1871 799 in
1896 747 2033 826 genere
2059 701 2176 805 inter.

153 851 156 858 ¹
206 973 209 978 Ι
295 897 367 947 nus
399 874 523 974 paries
553 897 575 944 a
602 869 826 954 conditione
854 875 1091 945 caeterorum
1104 869 1277 963 recedat,
1324 876 1392 976 qui
1416 877 1618 978 proprium
1645 879 1854 978 marginem
1875 882 1939 957 rix
1963 877 2096 977 habet,
2136 901 2178 960 et

294 1028 487 1104 vicinitate
501 1028 584 1103 nasi
600 1027 800 1107 minentis
816 1025 904 1122 satis
928 1013 1065 1102 tuetur.

1153 1306 1190 1410 g.
1250 1307 1307 1386 15.

312 1479 314 1484 ’
447 1477 582 1555 Orbita
608 1498 768 1582 utraque
802 1475 990 1582 effingitur
1019 1484 1292 1579 conjunctione
1333 1487 1477 1560 ossium
1507 1501 1658 1586 septem
1688 1487 1843 1588 eapitis,
1876 1489 2000 1562 trium
2030 1494 2176 1568 ossium

295 1635 452 1714 cranii,
482 1636 575 1712 ossis
588 1631 740 1726 fr0ntis,
767 1631 1284 1736 sphenoidei-etethmoidei,
1302 1655 1341 1710 et
1356 1657 1537 1740 quatuor
1555 1643 1700 1718 ossium
1704 1613 1843 1744 faciei
1849 1691 1867 1722 ι
1895 1643 1988 1718 ossis
2003 1637 2177 1746 zygoma2

292 1789 378 1882 tici,
401 1785 604 1864 maxillaris
617 1790 841 1890 superioris,
867 1787 1026 1900 palatini
1042 1808 1080 1866 et
1096 1775 1348 1886 laolrrymalis.

1078 2169 1083 2182 .
1152 2055 1187 2174 s
1246 2001 1304 2148 al

444 2243 550 2318 Pars
566 2241 750 2336 orbiculis
764 2247 856 2322 ossis
860 2243 1019 2345 frontis
1033 2242 1173 2322 format
1190 2247 1393 2334 maximam
1416 2243 1723 2344 antenoremque
1734 2227 1882 2344 partem
1895 2244 2050 2346 parietis
2063 2271 2177 2348 supe·

290 2401 400 2474 rioris
416 2401 498 2474 cavi
513 2397 725 2492 oculorum,
743 2419 785 2520 'et
801 2415 952 2474 curvata
968 2399 1181 2506 declinatur
1193 2396 1242 2472 ad
1258 2401 1443 2501 parietem
1464 2413 1675 2492 externum,
1702 2395 1808 2493 cujus
1835 2399 1950 2498 partis
1968 2403 2175 2501 superioris

292 2572 331 2630 et
346 2551 427 2628 lere
440 2550 589 2627 mediae
600 2549 793 2624 interdurn
809 2576 967 2654 quoque
982 2527 1208 2656 particulam
1232 2551 1398 2654 aliquam
1412 2544 1558 2662 efficit„
1591 2551 1623 2622 E
1644 2536 1801 2648 regione
1822 2536 2027 2624 arcuatum¹
2045 2553 2177 2626 trausi-

292 2723 373 2778 tum
387 2707 541 2806 parietis
558 2705 763 2806 superioris
780 2702 830 2778 ad
842 2707 1054 2799 internum,
1067 2708 1385 2809 superioremque
1401 2699 1511 2797 hujus
1530 2717 1679 2803 partem
1690 2695 1841 2776 format.

1153 2989 1191 3092 S.
1253 3017 1310 3090 ¹¹7·

442 3153 531 3234 'Ala
551 3184 692 3260 parva
718 3161 809 3232 ossis
829 3159 1064 3262 sphenoidei
1077 3178 1227 3263 partem
1246 3163 1434 3264 posticam
1451 3159 1603 3260 parietis
1622 3159 1828 3262 superioris
1844 3154 1980 3251 elficit,
2000 3175 2177 3262 esusque

294 3312 343 3388 ad
352 3315 604 3414 posteriorem
612 3331 760 3411 partem
773 3315 927 3414 parietis
944 3317 1083 3389 interni
1098 3311 1304 3390 descendit„
1354 3313 1429 3393 Per
1439 3309 1679 3414 hprmoniam
1693 3334 1782 3414 epm
1796 3309 2070 3418 pprtembipali
2083 3314 2178 3390 ossis

295 3462 429 3544 lronm
444 3469 485 3542 in
496 3468 644 3568 pariete
663 3469 881 3568 superiore,
897 3471 1068 3571 margine
1082 3472 1273 3546 anteriore
1288 3465 1445 3544 dentato
1465 3465 1717 3568 conjungitur.
1826 3421 1831 3444 l

1155 3753 1190 3857 §-
1249 3719 1334 3834 n

450 3914 564 3996 'Alae
597 3946 779 4024 magnae
814 3929 906 4000 ossis
944 3929 1179 4031 sphenoidei
1214 3927 1440 4030 superficies
1473 3919 1641 3998 orbitalis
1683 3921 1725 3996 in
1760 3919 1926 3996 maxima
1960 3935 2000 3994 et
2026 3925 2177 4023 postica

300 4087 409 4174 parte
421 4075 573 4173 parietis
591 4077 736 4152 externi
751 4095 918 4179 apparet.
970 4085 1149 4184 Margine
1158 4109 1228 4160 suo
1245 4085 1442 4184 superiore
1456 4065 1620 4178 trigono,
1648 4071 1818 4165 dentato,
1846 4097 1936 4152 cum
1948 4093 2059 4180 parte
2076 4074 2178 4154 orbi«

303 4221 371 4300 tali
385 4229 477 4304 ossis
492 4222 639 4324 frontis,
667 4248 706 4306 et
721 4229 879 4334 quidem
895 4258 985 4310 cum
999 4239 1077 4338 ejus
1092 4241 1330 4316 extremitate
1349 4230 1531 4310 inferiore
1550 4230 1755 4328 conjuncta
1770 4245 1838 4306 est.
2068 4279 2087 4328 ι,
2160 4285 2167 4293 ·

1164 4509 1217 4619 i·
1256 4511 1313 4616 τὰ

461 4685 567 4763 Pars
580 4715 817 4795 papyraceo
847 4697 939 4772 ossis
964 4693 1185 4784 ethmoiclei
1207 4683 1424 4766 conformat
1444 4665 1649 4764 maximam
1668 4683 1835 4764 mediam
1854 4665 2004 4789 partein
2023 4686 2178 4789 parietis

282 4842 298 4858 '
309 4833 459 4914 interni.
510 4847 555 4919 In
569 4842 697 4924 fronte
713 4849 793 4926 coit
806 4847 894 4928 <lum
911 4873 996 4927 osse
1009 4853 1144 4950 unguis
1159 4869 1229 4949 per
1242 4843 1498 4936 harmonicum
1531 4869 1715 4950 superne,
1741 4847 1781 4917 in
1798 4861 1908 4945 parte
1922 4843 2081 4947 postica,
2105 4863 2194 4944 per.

307 4983 563 5098 harmoniam,
588 5005 630 5078 in
655 5023 765 5110 parte
788 5011 914 5084 antica
943 5031 1036 5084 vero
1067 5029 1139 5110 per
1169 5019 1338 5078 suturam
1376 4999 1579 5108 copulatur
1607 5025 1696 5077 etun
1716 4999 1901 5078 interiore
1928 5015 1968 5074 et
1981 4969 2177 5072 inferiore
