4686 5700
221 371 476 460 ,Μ

314 551 372 630 'ut
385 553 469 630 linia
488 549 568 645 ejus
580 547 820 625 tenuerimus
836 547 1131 646 aponarroriaus
1146 544 1354 654 amassime
1368 543 1595 642 conjrmctus
1610 545 1660 620 tit
1673 564 1766 620 oum·
1776 551 2046 647 extenuatione
2061 569 2202 654 aperta·

319 709 475 786 maaca
497 701 690 804 epicranii.
730 739 734 744 -
804 721 814 734 ¹

367 949 375 960 ’
482 958 541 1036 Ab
562 958 672 1031 initio
695 978 766 1029 suo
789 952 979 1030 involutus
1000 955 1041 1028 in
1065 949 1379 1054 pinguedinem„
1405 975 1481 1056 qua
1503 949 1760 1052 circumdatur
1786 953 1951 1048 bulbus,
1973 941 1977 950 ¹
1997 961 2204 1062 porrigitur
2322 1037 2323 1046 ,

330 1137 430 1192 trans
446 1081 593 1188 rectum
605 1109 842 1208 superiorem
855 1105 959 1180 oculi
973 1109 1043 1196 ita,
1071 1123 1113 1178 ut
1127 1103 1230 1178 hunc
1244 1099 1460 1178 musculum
1473 1102 1640 1206 aliquam
1652 1108 1694 1178 iu
1708 1125 1856 1207 partem
1871 1105 2034 1209 obtegat
2069 1113 2203 1208 Quum

329 1263 619 1369 aponevroticus
641 1255 760 1331 factus
781 1260 954 1358 pervenit
978 1255 1027 1330 ad
1047 1259 1202 1356 paginas
1225 1256 1319 1328 cutis
1345 1253 1612 1354 complicatas,
1653 1279 1757 1356 quae
1784 1256 1952 1332 formant
1980 1255 2203 1362 palpebram

298 1485 301 1498 ,
327 1392 581 1522 superiorem,
607 1435 689 1486 sese
705 1410 876 1486 extendit
892 1435 1007 1512 super
1031 1429 1181 1512 partem
1196 1405 1362 1518 aliquam
1380 1403 1581 1508 glandulae
1595 1405 1832 1504 lachrymalis
1847 1409 2047 1488 inferioris.

1053 1801 1094 1835 ¹.
1175 1713 1211 1816 S·
1269 1727 1351 1804 144·

397 1850 400 1859 γ
481 1874 679 1953 Musculus
703 1873 914 1972 epicranius
938 1873 1132 1942 universus
1154 1873 1326 1970 inprimis
1343 1871 1549 1962 destinatus
1572 1885 1628 1943 est
1644 1873 1721 1944 cuti
1738 1869 1883 1974 pilosae
1901 1877 2033 1974 capitis
2050 1840 2207 1951 moren-
2323 1925 2324 1954 r

330 2035 419 2126 dae,
446 2030 487 2105 id
505 1998 611 2131 quod
626 2045 822 2117 nunquam
840 2017 900 2108 stt,
929 2021 1022 2116 quin
1043 2023 1137 2091 cutis
1154 2017 1288 2094 frontis
1306 2045 1394 2094 cum
1410 2004 1620 2121 superciliis
1638 2047 1716 2100 una
1728 2041 2023 2103 commoveatur.
2067 2007 2085 2020 '⁵

481 2261 557 2338 Sed
579 2225 761 2332 frontales
780 2253 945 2330 musculi
972 2259 1180 2374 praecipue
1200 2275 1361 2358 possunt
1381 2257 1583 2360 supercilia
1605 2273 1719 2357 atque
1734 2258 1831 2333 adeo
1848 2259 2057 2361 paullisper
2072 2259 2208 2362 palpe-

327 2423 434 2496 bram
449 2416 686 2518 superiorem
703 2432 852 2510 sursum
865 2401 1016 2500 trahere
1025 2434 1037 2500 3
1057 2412 1137 2498 ita,
1161 2427 1205 2482 ut
1220 2407 1333 2482 simul
1346 2405 1593 2510 supercilium
1603 2427 1807 2510 utrumque
1823 2407 2065 2500 distrahatur,
2093 2409 2208 2511 quod
2324 2369 2325 2436 l

215 2584 218 2594 ’
328 2568 509 2669 cognosci
524 2579 651 2664 potest
664 2562 778 2651 iniis,
805 2562 872 2674 qui
887 2556 1040 2651 laetitia,
1069 2557 1339 2654 admiratione,
1366 2579 1523 2663 stupore
1538 2555 1765 2652 alliciuntur,
1794 2561 2007 2653 etiamtum,
2025 2585 2145 2662 quum
2159 2563 2205 2634 in

327 2719 492 2797 tenebris
511 2717 720 2788 accuratius
737 2679 830 2809 quid
846 2733 1002 2782 cernere
1019 2708 1203 2782 volumus.

292 2933 296 2944 '
339 2915 342 2926 ¹
491 2921 810 3034 Dum'palpebms
826 2899 1086 3002 vehementius
1109 2941 1147 3000 et
1161 2928 1298 3001 arctius
1324 2923 1503 3001 claudere
1526 2925 1719 3018 volumus,
1748 2948 1973 3030 corrugatur
1989 2951 2077 3006 cum
2102 2929 2208 3008 orbi·

330 3063 447 3168 culari
461 3088 621 3159 invicem
634 3105 749 3182 opem
766 3076 893 3152 lerunt
907 3077 1117 3178 palpebrae
1137 3081 1325 3179 superiori
1339 3095 1377 3150 et
1389 3077 1594 3180 supercilio
1611 3077 1905 3181 deprimendas..

380 3293 398 3330 s
495 3327 729 3420 Corrugator
741 3316 782 3396 id
796 3316 924 3390 solum
942 3313 1076 3409 efficit,
1103 3315 1405 3421 utsupercilium
1417 3341 1538 3392 unum
1554 3315 1757 3394 admoveat
1772 3318 1821 3393 ad
1836 3319 2007 3399 alterum.
2115 3361 2118 3367 ·

492 3557 723 3635 Orbicularis
739 3555 931 3632 musculus
949 3573 1036 3631 eum
1051 3558 1221 3661 inprimis
1235 3561 1276 3630 in
1291 3552 1407 3632 sutem
1422 3553 1546 3647 adest,
1574 3575 1618 3629 ut
1631 3555 1765 3632 reddat
1791 3561 1926 3634 rimam
1954 3557 2059 3636 oculi
2084 3585 2204 3664 angu-

328 3725 496 3805 stiorem,
522 3709 811 3786 seuuteandem
828 3691 989 3782 claudat.

1171 4009 1207 4112 ὃ.
1269 3993 1354 4098 145}

485 4175 594 4286 Dum
609 4167 803 4269 vigilamus
817 4187 856 4242 et
880 4185 1034 4271 apertae
1048 4186 1136 4244 sunt
1149 4164 1375 4270 palpebrae,
1402 4163 1497 4239 nihil
1512 4169 1587 4268 agit
1601 4163 1666 4240 hic
1689 4167 1905 4245 musculus:
1940 4197 2030 4246 nam
2054 4171 2095 4246 in
2120 4173 2202 4275 pal-

325 4326 445 4432 pebra
458 4327 656 4424 superiore
670 4325 950 4420 antagonistam
963 4320 1080 4396 habet
1100 4319 1309 4396 levatorem
1327 4317 1534 4420 palpebrae
1546 4321 1770 4422 superioris,
1797 4321 1837 4394 in
1849 4320 2034 4424 palpebra
2046 4322 2199 4400 inferio·

324 4505 388 4572 re,
416 4491 630 4578 repugnant
650 4477 684 4546 ei
699 4469 870 4544 fasciculi
886 4471 1041 4572 quidam
1056 4468 1283 4560 masculari,
1311 4474 1413 4570 quia
1440 4477 1677 4570 zygomatico
1698 4475 1855 4548 'minore
1867 4492 1907 4548 et
1923 4469 2092 4552 levatore
2106 4474 2200 4551 labii

323 4632 531 4734 superioris
547 4621 708 4725 alaeque
730 4627 813 4698 nasi
831 4622 1050 4724 procedunt
1063 4622 1111 4696 ad
1128 4594 1394 4696 orbicularem.

488 4821 532 4888 In
547 4829 689 4888 somno·
702 4811 742 4884 hi
761 4811 946 4903 musculi,
974 4811 1170 4914 dequibus
1180 4833 1308 4886 sermo
1321 4827 1396 4901 est,
1424 4815 1540 4884 otiosi
1554 4829 1661 4904 sunt,
1678 4829 1840 4915 praeter
1855 4811 2199 4918 orbicularemptl·

323 4969 545 5078 pebrarum,
575 4969 641 5068 qui
655 4964 787 5066 leviter
806 4963 1059 5069 contrahitur,
1088 4966 1206 5038 rimae
1236 4961 1507 5064 palpebrarum
1519 4961 1756 5040 claudendae
1774 4989 1914 5042 caussa
