4708 5700
2012 443 2097 527 χιιι
2190 416 2196 422 ’

380 599 588 692 Caeterum
612 602 859 678 excusandus
888 601 976 676 mihi
1009 600 1167 692 videor,
1192 599 1306 696 quod
1334 622 1426 694 ego,
1470 605 1534 696 qui
1561 625 1628 674 me
1659 605 1787 702 ipsum
1817 603 2008 737 subiiciam
2038 585 2102 681 ιιι·ο
2140 641 2142 653 ·

216 769 312 845 dicio
337 715 636 845 anatomicomn
665 743 901 869 peritorum,
945 777 1023 842 tam
1057 791 1147 848 raro
1174 766 1421 890 patefecerim
1451 733 1677 842 senteutiam
1705 791 1829 842 meam
1860 768 1907 842 de
1936 723 2096 873 aliorum

193 920 556 1024 observationibus.
617 935 693 1026 Ea,
727 933 937 1030 quaemihi
966 957 1043 1010 non
1073 938 1124 1009 ita
1152 953 1241 1008 sese
1266 931 1662 1032 haberevidebantur
1685 925 1833 1026 natura,
1878 943 1922 1008 ut
1946 919 2094 1026 abaliis

211 1060 407 1207 ‘descripta
433 1109 560 1208 erant,
591 1103 642 1176 ita
666 1104 859 1200 exposui,
894 1109 941 1174 ut
957 1097 1189 1200 ostendebat
1214 1108 1367 1188 natura,
1405 1106 1511 1172 ratus
1537 1119 1599 1172 me
1621 1121 1745 1199 neque
1770 1099 1943 1178 modeste
1971 1123 2095 1210 neque

219 1275 329 1345 mute
353 1221 762 1362 factumn1‚esse,·‚‚si
792 1253 959 1364 refutere
989 1262 1131 1365 vellem
1151 1227 1251 1354 m,
1283 1237 1466 1356 'quorum
1500 1261 1812 1386 obseruationeS,
1872 1267 1942 1357 iis,
2000 1286 2096 1361 quas

94 1419 126 1458 ·’
220 1451 294 1524 ego
327 1432 606 1522 instituissem,
660 1403 760 1534 'non
790 1389 893 1506 omni
925 1454 978 1534 err
1010 1441 1121 1528 parte
1162 1427 1465 1526 responderent,
1524 1430 1763 1536 praesertim
1800 1452 1919 1524 quum
1953 1429 2095 1508 iudices

220 1553 320 1688 mei,
380 1597 462 1700 ipsa
488 1597 793 1695 perscrutatione
819 1605 977 1670 naturae
1003 1565 1146 1686 edocti,
1184 1593 1374 1666 decreturi
1396 1597 1496 1685 sint,
1555 1595 1684 1686 illine,
1745 1598 1810 1690 qui
1848 1551 1937 1672 ante
1965 1621 2027 1712 me
2057 1601 2095 1672 ιιι

222 1758 283 1834 bis
306 1759 421 1834 rebus
448 1763 590 1865 versati
607 1768 730 1853 sunt,
778 1759 1004 1870 ,diligentius
1041 1754 1082 1834 e't
1102 1759 1327 1833 'accuratius
1364 1758 1628 1850 observarint,
1688 1781 1737 1832 an
1768 1757 1869 1856 egoi

389 2045 595 2162 Caeterum
618 2052 714 2162 ¹ipsa
747 2052 815 2162 rei(
831 2061 972 2163 'natura
994 2031 1104 2162 'mihi
1139 2047 1336 2147 postulare
1376 2044 1609 2138 videbatur,
1656 2017 1701 2120 ut
1734 2007 1821 2121 cum
1854 2052 2096 2149 expositione

221 2233 454 2307 organorum
483 2209 771 2311 lachrymalium
797 2219 1095 2309 coniungeremr
1123 2212 1329 2311 descriptio
1355 2216 1520 2313 partium
1550 2211 1649 2288 oculi
1675 2183 1931 2321 enterna'rum·
1944 2217 2098 2295 univer-

161 2400 165 2408 ·
206 2357 383 2470 sarum,
443 2401 561 2472 quum
595 2378 667 2452 bae
697 2382 802 2477 ipsae
828 2389 959 2479 partes
988 2387 1066 2452 tam
1087 2345 1290 2454 'connexae
1316 2385 1357 2450 et
1384 2387 1494 2476 aptae
1524 2379 1623 2451 inter
1651 2396 1696 2450 se
1723 2357 1840 2467 sint,¹
1883 2389 1927 2450 ut
1958 2378 1996 2454 si
2019 2385 2098 2457 sin-
2149 2398 2190 2452 ’Δ

228 2513 344 2636 ςιιιιιιι
364 2552 536 2617 semotas
568 2551 611 2617 et
642 2544 885 2619 seiunctasa
910 2543 1068 2638 reliquis
1098 2531 1292 2642 explicare
1306 2525 1476 2635 uoles,
1535 2542 1605 2621 vix
1637 2527 1916 2640 expositionem
1949 2551 2098 2646 perspi-

228 2729 337 2781 cuam
364 2716 405 2781 et
428 2707 639 2808 perfectam
673 2711 838 2810 partium
871 2712 1040 2788 omnium
1066 2705 1234 2816 reddere
1265 2723 1415 2808 posses.

403 3029 516 3128 Quod
549 3037 684 3110 attinet
711 3033 759 3110 ad
786 3035 940 3125 icones,
1001 3053 1096 3129 quas
1127 3033 1175 3110 ad
1196 3031 1296 3108 bunc
1317 2989 1459 3142 *librum
1487 3029 1667 3120 adiunxi,
1727 3006 1952 3127 quamquam
1981 3013 2127 3136 pluet
2188 3069 2199 3080 ,

226 3220 332 3298 mum
364 3197 488 3291 absit,
548 3209 594 3274 ut
617 3200 699 3278 illas
731 3161 949 3300 praedicem
979 3183 1095 3278 manu
1128 3199 1237 3274 docta
1256 3205 1311 3285 et
1343 3195 1544 3270 artificiosa
1583 3194 1832 3288 delineatas,
1875 3207 2000 3275 tamen
2032 3205 2101 3276 du-

225 3365 329 3454 bito,
389 3367 422 3442 si
448 3368 674 3464 respiciatur
707 3370 860 3451 veritas¹
876 3367 921 3444 'et
948 3361 1177 3441 concinnitas
1198 3345 1427 3457 figurarum,
1487 3359 1531 3434 ad
1554 3372 1727 3438 naturam
1753 3317 1958 3461 expressa,
2011 3349 2116 3470 quin

226 3529 366 3626 aliquid
396 3531 573 3608 relictum
589 3535 676 3622 -sit,
736 3531 838 3627 quod
872 3533 1141 3632 vituperationi
1172 3549 1261 3603 esse
1297 3531 1432 3629 possit.
1516 3527 1801 3626 Perspicuitatis
1838 3517 2100 3608 inserviendae

227 3717 365 3810 caussa
386 3706 517 3797 partes
546 3697 696 3796 plurem
756 3700 926 3796 inprimis
954 3717 1060 3787 ossa,
1098 3701 1136 3772 ιιι
1154 3693 1383 3770 delineando
1409 3716 1484 3768 non
1503 3696 1767 3792 praetermisi,
1801 3701 2002 3788 quamvis
2022 3717 2100 3773 ιιοιι
2164 3641 2175 3664 x

212 3823 383 3961 'proprie
413 3849 651 3962 pertinerent
685 3865 843 3938 adrem
874 3885 1010 3937 meam.
1094 3859 1349 3956 Quamobrem
1389 3849 1454 3934 eas
1490 3862 1598 3953 quasi
1624 3857 1760 3933 obiter*
1780 3863 1931 3936 nonnisi
1962 3863 2099 3938 litteris
2131 3925 2134 3935 ,

229 4029 401 4121 signavi,
462 4050 510 4104 ne
532 4031 570 4103 in
591 4027 826 4130 explicandis
850 4011 986 4126 liguris
1009 4035 1138 4142 'usque
1158 4029 1204 4103 ad
1227 4029 1442 4102 satietatem
1469 4025 1611 4118 longus
1630 4025 1776 4101 fierem.

404 4317 566 4480 Nervos
602 4361 643 4430 et
669 4375 762 4435 vasa
790 4355 959 4430 omniurn
985 4356 1177 4480 partium,
1237 4337 1332 4448 quas
1366 4349 1671 4448 descripseram,
1707 4350 1820 4424 etiam
1839 4309 2098 4449 delineassem,

229 4517 299 4592 nisi
327 4515 365 4592 id
384 4524 517 4595 maiori
537 4524 679 4595 sumtui
699 4520 847 4596 fuisset.
913 4521 1144 4597 Praesertim
1159 4517 1195 4594 id
1218 4542 1336 4619 opera
1361 4527 1401 4592 et
1427 4517 1592 4624 diligent
1584 4537 1616 4586 ra
1640 4515 1821 4610 singulari
1837 4517 1948 4596 Wnr
1954 4543 2089 4594 Τιιιιιιι

226 4687 448 4779 Humum,
489 4685 942 4765 Mecumnethuu
969 4690 1022 4764 ita
1049 4685 1307 4790 factumest,
1345 4694 1405 4762 ut
1436 4687 1506 4796 vix
1527 4681 1732 4758 desiderari
1756 4682 1907 4784 possint
1936 4679 2100 4762 delinea-

227 4852 354 4931 tiones
374 4851 510 4936 harum
537 4857 705 4960 partium
730 4853 922 4930 meliores,
1797 4821 1800 4826 ¹

1140 5051 1145 5056 ·
1230 5017 1323 5098 Βι

422 5211 427 5218 .
457 5114 498 5182 ⁴·
713 5097 758 5206 ’j
