4686 5700
1164 519 1205 626 §-
1261 535 1361 626 rdo..
1412 617 1415 622 ι
1462 589 1463 592 ,
1529 583 1575 606 ,,

466 683 527 770 ,Ιιι
543 678 633 781 ipsis
648 699 738 752 vero
759 671 949 780 palpebris
962 674 1079 751 librae
1101 681 1284 778 epicranii
1301 675 1502 756 teudiueae
1517 677 1690 770 nituntur
1703 678 1784 756 aliis
1801 647 1946 772 carneis
1960 673 2204 790 libamus·

328 828 398 906 sub
421 835 578 906 nomine
600 830 761 905 musculi
780 828 994 929 singularis,
1024 830 1262 932 orbicularis
1278 857 1418 932 nempe
1434 833 1752 934 padoebrarum
1781 835 2079 939 descripserunt,
2108 865 2228 944 quae·

328 980 446 1062 fibrae
460 1007 620 1058 carneae
635 989 675 1056 in
691 981 890 1058 fasciculos
907 981 1104 1073 collectae,
1131 981 1301 1094 singulos
1316 1008 1423 1057 arcus
1442 967 1600 1074 ducunt,
1628 984 1766 1085 quibus
1781 986 1885 1061 oculi
1903 990 2209 1096 circumcludun-

328 1151 400 1207 tur.
452 1137 503 1208 Hi
523 1133 692 1208 fasciculi
717 1153 846 1208 extant
865 1139 907 1205 in
919 1125 1170 1207 interioribus
1192 1133 1384 1234 palpebris
1405 1139 1494 1208 satis
1517 1133 1721 1236 paralleli
1710 1153 1809 1212 mter
1821 1163 1862 1214 se
1880 1159 1917 1214 et
1939 1145 2068 1244 spissi,
2095 1147 2148 1216 ita
2166 1163 2208 1222 ut

268 1395 274 1404 ι
328 1282 501 1362 fasciculi
511 1283 717 1386 palpebrae
728 1307 932 1384 supenorss
956 1282 1002 1356 ab
1027 1311 1104 1356 uno
1125 1282 1330 1384 ligamento
1349 1262 1623 1385 palpebrarum
1641 1285 1689 1358 ad
1709 1286 1868 1362 alterum
1883 1317 2050 1386 sursum,
2088 1314 2126 1368 et
2153 1293 2209 1370 fa·

327 1437 491 1513 sciculi
480 1463 521 1509 ιιι
533 1433 716 1537 palpebra
735 1421 924 1539 inferiori,
959 1431 1006 1506 ab
1027 1461 1103 1508 uuo
1129 1413 1334 1534 ligamento
1352 1433 1622 1537 palpebrarum
1636 1436 1683 1510 ad
1699 1437 1860 1514 alterum
1875 1415 2054 1520 deorsum
2068 1427 2209 1520 flexum
2323 1515 2324 1536 ,

330 1607 548 1692 appareant.
589 1591 633 1658 In
645 1583 783 1664 cantho
794 1603 952 1657 externo
970 1580 1140 1658 fasciculi
1155 1589 1369 1686 superiores
1385 1605 1423 1660 et
1436 1585 1633 1664 inferiores
1652 1611 1813 1681 coeunt;
1841 1596 1883 1666 in
1901 1594 2039 1670 cantho
2056 1601 2208 1673 interno
2323 1609 2324 1638 ³

330 1765 419 1814 cum
431 1723 637 1842 ligamento
653 1733 864 1838 palpebrali
872 1739 1024 1810 interno
1035 1735 1187 1838 alligant
1200 1763 1242 1812 se
1256 1735 1304 1810 ad
1321 1763 1544 1841 processum
1555 1741 1702 1830 orbital.
1713 1749 1805 1820 ossis
1820 1745 2000 1822 maxillar.
2023 1752 2209 1850 superior.

486 2035 673 2108 Circuitus
688 2049 816 2104 autem
826 2027 966 2102 horum
980 2023 1247 2098 fasciculorum
1263 2023 1532 2098 orbicularium
1548 2009 1696 2102 sursum
1712 2057 1839 2116 versus
1853 2033 2068 2110 'extenditur
2085 2023 2210 2140 usque

329 2186 379 2258 ad
391 2189 599 2283 marginem
611 2186 846 2282 superiorem
861 2175 1027 2266 orbitae,
1055 2173 1311 2274 deorsumque
1326 2166 1594 2277 versus'usque
1609 2197 1709 2254 trans
1724 2208 1856 2282 genas,
1892 2185 1959 2258 ubi
1984 2184 2125 2288 singuli
2155 2187 2211 2260 fa·-

326 2335 467 2411 sciculi·
480 2339 542 2408 vix
562 2333 721 2406 duarum
742 2333 929 2406 linearum
948 2327 1186 2400 latitudinem
1210 2323 1369 2418 habent,
1398 2317 1816 2434 circulosqueellioiunt
1830 2340 1970 2408 sensim
1989 2341 2211 2438 sensimque

324 2476 509 2585 majores,
532 2492 603 2578 ita,
630 2505 671 2558 ut
684 2485 849 2586 proximi
866 2481 938 2552 sibi
959 2482 1034 2550 sint
1054 2476 1102 2550 ad
1123 2477 1281 2582 angulos
1305 2477 1409 2560 oculi
1432 2503 1577 2574 versus,
1600 2499 1644 2562 et
1663 2481 1816 2584 longius
1835 2488 1936 2560 inter
1951 2510 1993 2562 se
2007 2486 2149 2564 distent
2164 2493 2208 2562 iu
2324 2455 2325 2490 ἶ

324 2640 452 2718 media
466 2659 592 2743 parte,
620 2637 687 2712 ubi
709 2637 872 2709 maxime
888 2648 1099 2706 curvantur.

331 2903 335 2910 ’
433 2907 762 2998 ,fasciculorum
789 2904 1029 2984 circularium
1050 2898 1272 3024 inferiorum
1294 2889 1451 3008 quidam
1475 2924 1578 2981 extra
1590 2927 1717 2982 versus
1738 2913 1777 2984 in
1799 2915 2076 3014 zygomaticum
2089 2915 2209 3015 majo·
2325 2957 2326 3012 ι

326 3089 427 3157 rem,
455 3063 518 3136 alii
533 3069 574 3136 in
587 3063 803 3137 musculum
817 3059 1024 3136 levatorem
1042 3055 1133 3132 labii
1147 3063 1352 3160 superioris
1367 3049 1414 3134 'et
1431 3057 1513 3135 alae
1528 3047 1609 3136 nasi
1625 3079 1831 3136 transeunt.

1182 3361 1219 3466 §
1278 3373 1359 3451 rdr.

480 3517 666 3598 Fasciculi
688 3521 902 3622 superiores
924 3518 975 3592 in·
985 3513 1062 3592 fine
1084 3489 1155 3590 suo
1180 3542 1306 3618 prope
1327 3519 1565 3618 superiorem
1579 3521 1789 3620 marginem
1804 3493 1962 3597 orbitae*
1977 3539 2017 3597 et
2035 3520 2212 3626 pluribus

328 3673 516 3754 fasciculis
546 3673 802 3764 musculosis,
817 3696 982 3772 quorum
1018 3665 1248 3742 alteralteri
1276 3672 1575 3770 imposituses't,
1625 3691 1828 3772 augentur,
1869 3679 1936 3774 qui
1954 3674 2026 3750 sub
2046 3681 2211 3750 nomine

329 3817 490 3904 musculi
507 3828 758 3926 corrogatoris
773 3821 965 3924 supercilii
979 3818 1366 3921 comprehenduntur.
1417 3799 1593 3922 inprimis
1609 3843 1743 3896 eorum
1757 3828 2213 3928 incremeummapparet

330 3985 370 4056 in
394 3977 557 4079 glabella
578 4001 692 4078 super
714 3952 895 4076 angdlum
918 3973 1020 4093 oculi
1042 3975 1306 4073 superiorem,
1343 3989 1382 4046 et
1402 3971 1493 4047 inde
1516 3971 1563 4046 ab
1585 3971 1776 4049 hocloco
1798 3978 2000 4080 paullatim
2025 3981 2213 4068 minuitur

251 4209 261 4224 ,
332 4156 454 4234 usque
477 4129 525 4204 ad
546 4147 717 4230 tempora
743 4150 881 4202 versus.

483 4343 758 4427 rarusculos
773 4345 893 4422 hosce
909 4341 1147 4422 musculosos
1163 4339 1311 4418 adnexa
1322 4361 1413 4417 sunt
1422 4341 1635 4463 supercilia

1174 4629 1209 4734 §.
1265 4639 1348 4722 142.

484 4793 610 4894 Super
621 4793 829 4892 marginem
844 4787 947 4867 oculi
963 4805 1167 4890 utrumque
1181 4787 1309 4889 plures
1327 4787 1499 4867 fasciculi
1514 4787 1745 4865 musculares
1769 4788 1877 4863 initio
1901 4815 1971 4866 suo
1996 4789 2084 4868 cum
2108 4791 2214 4870 orbi·

334 4947 468 5026 colaris
482 4945 643 5024 musculi
663 4945 853 5021 fasciculis
875 4947 1091 5044 conjuncti,
1118 4941 1166 5052 ad
1185 4942 1506 5046 perpendiculum
1519 4963 1677 5046 surgtmt
1696 4949 1738 5018 in
1759 4939 1897 5038 ultum;
1923 4949 1977 5026 ita
1993 4963 2139 5040 tamen,
2166 4967 2214 5024 ut
