4686 5700
1168 458 1359 626 §.aa
1548 497 1885 540 '·

409 679 410 684 ¹
468 689 638 762 Primum
654 705 845 786 exponam
867 679 916 756 de
937 675 1061 766 forma‘
1078 678 1365 782 palpebrarum,
1393 681 1464 771 ita,
1492 695 1538 751 ut
1556 675 1775 780 superficies
1797 681 1875 780 ejus
1899 700 2055 759 externa
2077 705 2116 761 et
2135 663 2189 761 10-

317 864 425 920 terna
439 821 515 912 una
531 864 617 912 crun
633 835 820 938 partibus,
851 859 949 935 quae
966 819 1006 904 10
1022 857 1066 905 00
1080 836 1312 932 conspicuae
1327 849 1433 923 sunt,
1463 849 1500 904 et
1522 834 1821 930 margines·.cum
1847 835 2193 940 singulispartibus

317 997 392 1071 suis
408 991 678 1070 describantur.
732 990 835 1060 Tum
849 1004 1038 1059 structura
1050 982 1186 1056 barum
1205 963 1373 1089 partium
1394 983 1669 1075 demonstrata,
1697 1005 1861 1086 organa,
1884 1013 1984 1089 quae
2006 1015 2093 1064 cum
2113 991 2194 1093 pal-

106 1131 110 1148 *
192 1252 196 1257 η
283 1141 443 1252 'pebris
466 1139 849 1242 cohaerentsingula,
874 1157 1073 1242 postremo
1091 1155 1216 1212 autem
1239 1131 1450 1226 musculos,
1477 1159 1615 1212 nervos
1636 1154 1675 1212 et
1697 1163 1800 1232 vasa,
1829 1165 1926 1242 quae
1950 1143 1999 1216 ad
2011 1168 2082 1244 ‚eas
2110 1169 2194 1246 per·

317 1305 457 1392 tinent,
486 1294 699 1409 explicabo.

1177 1593 1212 1700 ς.
1269 1597 1328 1676 ss.

468 1797 591 1899 Supra
610 1791 809 1898 palpebras
833 1793 874 1868 in
899 1807 1006 1894 parte
1026 1784 1161 1868 frontis
1183 1785 1364 1864 inferiore
1387 1807 1518 1865 extant
1539 1790 1780 1892 supercilia,
1815 1813 1914 1897 qaae
1935 1795 2018 1890 jure
2042 1792 2091 1866 ad
2114 1793 2195 1896 pal·

238 1985 242 1995 ·
278 1947 285 1958 ⁸
316 1949 452 2054 pebras
469 1947 700 2039 referuntur,
729 1968 816 2018 cum
831 1945 1041 2036 obnexum
1056 1959 1249 2032 mutuum,
1277 1955 1357 2012 tum
1372 1940 1483 2040 quod
1503 1942 1707 2042 supercilia
1730 1967 1812 2017 non
1830 1917 1953 2016 minus
1975 1971 2091 2044 quarn
2114 1946 2195 2046 pal·
2266 2022 2276 2042 κ

191 2163 208 2194 ,.
264 2091 271 2105 '
316 2129 367 2206 pe
347 2104 458 2178 ebrae
486 2103 621 2175 adsunt
639 2103 684 2169 10
707 2095 864 2170 tutelam
890 2091 1003 2189 oculi.
1059 2096 1220 2166 Constat
1250 2065 1455 2192 utrumque
1481 2089 1638 2166 fasciola
1666 2093 1842 2167 brevibus
1875 2093 2080 2196 densisque
2105 2095 2192 2196 pilis

315 2261 465 2342 vestita,
493 2275 591 2352 quae
606 2253 646 2320 in
659 2243 822 2323 sormam
837 2264 1029 2320 arcuatam
1051 2244 1142 2320 inde
1159 2269 1181 2318 a
1196 2243 1325 2318 radice
1339 2247 1420 2318 nasi
1442 2269 1565 2344 usque
1587 2244 1636 2317 ad
1654 2265 1828 2346 tempora
1855 2271 1971 2348 super
1994 2264 2198 2348 utramque

243 2409 250 2416 ’
315 2405 479 2482 orbitarn
497 2403 731 2494 extenditur,
753 2398 895 2474 vallum
910 2398 1074 2491 mobile,
1104 2365 1313 2474 defeddens
1329 2393 1464 2496 oculos
1486 2420 1508 2465 a
1530 2389 1798 2468 defluentibus*
1805 2395 2042 2472 humoribus.
2095 2367 2195 2472 Nam

312 2579 471 2636 stratum
489 2575 687 2631 externum
705 2552 867 2630 musculi
881 2551 1102 2627 orbicularis
1122 2547 1411 2652 palpebrarum,
1439 2545 1630 2620 musculus
1654 2566 1876 2648 corrugator
1900 2549 2194 2650 superciliorum

314 2731 353 2786 et
374 2681 567 2784 musculus
590 2705 760 2783 frontalis
786 2691 976 2828 maturant
998 2724 1147 2777 motum
1169 2698 1408 2808 supercilii,
1418 2717 1456 2772 et
1479 2725 1599 2802 quum
1619 2699 1659 2770 hi
1678 2700 1843 2774 musculi
1871 2700 1985 2775 ambo
2009 2707 2195 2801 postremi

313 2861 457 2936 lateant
477 2859 546 2937 sub
567 2823 804 2966 supercilio'
793 2887 835 2936 ru
855 2883 947 2936 arcu
966 2851 1202 2960 superciliari
1225 2855 1318 2929 ossis
1342 2847 1496 2942 frontis,
1530 2847 1694 2935 formam
1714 2849 1832 2930 habet
1852 2848 2098 3010 supersilimn
2119 2858 2194 2930 tori

227 3030 234 3052 ‘
316 3019 469 3090 arcuati.

467 3567 603 3666 Figura
624 3559 916 3666 superciliorum
936 3560 977 3632 in
993 3553 1147 3634 diversis
1168 3551 1388 3640 hominibus
1409 3551 1634 3631 diversa'esr.
1688 3547 1783 3634 Sunt
1800 3555 1903 3632 enim
1917 3555 2037 3634 modo
2054 3557 2191 3638 latiora

264 3699 268 3706 ¹
320 3739 358 3796 er
376 3719 562 3812 densiora,
589 3716 709 3794 modo
725 3720 886 3792 arctiora
902 3731 940 3790 et
959 3715 1144 3802 tenuiora,
1171 3705 1290 3784 modo
1308 3711 1530 3802 arcuatiora,
1558 3701 1898 3788 modo'erectiora.
1951 3711 2025 3786 Pili
2048 3717 2089 3788 10
2112 3713 2197 3792 aliis

318 3891 407 3948 sunt
422 3872 634 3973 longiores,
660 3874 701 3946 in
716 3868 796 3945 aliis
816 3865 1026 3958 breviores,
1053 3869 1094 3940 in
1110 3863 1190 3940 aliis
1208 3861 1349 3940 distant
1363 3867 1462 3941 inter
1475 3889 1515 3940 se
1534 3861 1699 3966 longius,
1728 3870 1771 3942 iu
1786 3863 1866 3940 aliis
1882 3867 2078 3972 spissiores
2092 3887 2195 3964 suut,

2076 4023 2081 4056 l

268 4086 280 4132 3
319 4029 362 4102 in
377 4023 458 4103 aliis
477 4025 643 4130 deniqne
656 4023 873 4128 rigidiores,
899 4026 941 4099 in
958 4019 1039 4098 aliis
1058 4015 1277 4102 teneriores.

1180 4325 1218 4432 §-
1272 4327 1333 4407 ss.

478 4523 599 4602 Color
612 4527 725 4602 etiam
738 4519 1029 4628 superciliorum
1043 4524 1086 4598 in
1100 4517 1441 4603 variishorninibus
1464 4519 1592 4596 variat.
1642 4515 1839 4608 interdurn
1861 4519 1981 4620 magis
2000 4515 2102 4614 alba,
2130 4539 2199 4597 aut

323 4683 441 4782 magis
458 4677 564 4758 firsoa
584 4701 683 4774 sunt,
711 4705 826 4783 quarn
842 4643 996 4782 capilli.
1040 4681 1190 4754 Tamen
1213 4671 1335 4752 oculis
1362 4673 1554 4767 caeruleis,
1580 4673 1685 4768 flava,
1712 4638 1790 4750 sive
1805 4672 1902 4766 alba,
1928 4673 2062 4774 nigris,
2088 4677 2199 4774 nigra

324 4835 527 4938 supercilia
543 4835 673 4912 adesse
687 4834 915 4938 plerumque
927 4830 1062 4910 solent.
1114 4831 1369 4936 Reperiuntur
1384 4835 1497 4910 etiam
1511 4827 1698 4928 bombico,
1726 4827 1864 4934 quibus
1882 4823 1996 4908 simul
2014 4845 2051 4908 et
2064 4799 2220 4933 super?

325 4985 413 5068 cilia
425 4993 533 5094 nigra
548 5009 586 5070 et
602 4987 1034 5100 00011000101010111011
1050 4985 1180 5092 capilli
1195 5003 1293 5066 sunt.
