4708 5700
287 493 288 498 ,
336 443 453 500 xxm

236 582 240 594 ’
336 603 406 676 γίκ,
420 563 606 698 possint.x
632 597 834 670 Praeterea
850 575 1008 697 quoque
1022 590 1155 668 adesse
1170 592 1323 668 vascula
1337 591 1588 670 deducendae
1604 592 1782 698 lymphae
1801 599 1933 674 caussa
1952 603 2091 692 innata,
2121 578 2233 704 quae(

336 755 379 824 in
403 748 561 836 homine
586 729 707 820 ristirn
735 741 926 848 effugiunt.
979 745 1226 823 Hacvascula
1247 751 1432 848 originem
1460 747 1601 857 ducere
1628 749 1675 822 ab
1693 726 1881 828 'interiore
1905 753 2110 853 glandosae
2140 781 2221 828 car·

324 903 397 976 ‘nis
421 917 529 1002 parte
555 917 593 971 et
613 894 690 972 hoc
712 895 841 971 officio
871 893 995 998 fungi,
1028 915 1071 968 ut
1095 895 1297 972 humorem
1327 898 1520 984 adducant
1546 917 1585 972 et
1611 896 1844 986 effundant
1832 930 1874 976 m
1900 901 2058 978 oculum
2080 910 2222 980 sensim

337 1069 378 1126 et
398 1053 584 1125 continuo
609 1035 926 1132 humectandum
968 1040 1235 1149 Descriptio
1201 1054 1269 1122 viis
1290 1037 1586 1146 lachrymarum,
1613 1051 1713 1126 hanc
1736 1053 1784 1128 de
1803 1053 2002 1148 lachrymis
2032 1056 2222 1132 delinitio·

335 1227 425 1278 nem
447 1199 620 1304 praebet.
647 1198 861 1294 lachrymae
882 1219 970 1274 sunt
989 1195 1162 1301 pituitosi
1182 1199 1395 1276 humores
1385 1229 1426 1276 m
1449 1205 1609 1279 cerebro
1637 1205 1809 1298 collecti,
1838 1211 2030 1283 tenuiorel
2053 1235 2098 1283 ac
2117 1235 2222 1285 sero-

257 1365 260 1374 '
335 1362 453 1431 siores
476 1351 705 1455 particulae,
735 1377 781 1427 ex
800 1351 1001 1426 oculorum
1025 1358 1138 1426 antris
1169 1351 1376 1430 effluentes.
1432 1355 1528 1431 Tab.
1552 1361 1609 1431 ιθ.
1618 1355 1686 1456 fig.
1678 1387 1739 1458 ..9
1757 1377 1796 1433 et
1809 1359 1870 1434 ie.
1897 1358 2104 1461 palpebrae
2125 1367 2221 1436 vitu-

334 1506 438 1582 linae
464 1532 541 1580 una
567 1531 655 1579 cum
675 1502 863 1578 ductibus
899 1505 1100 1606 glandulae
1130 1505 1369 1605 lachrymalis
1402 1506 1613 1585 delineatae
1644 1529 1753 1604 sunt,
1788 1529 1826 1587 et
1855 1508 1975 1614 fpgura
2001 1539 2057 1588 12.
2083 1513 2220 1592 ductus

335 1657 471 1736 natalis
492 1663 533 1734 in
563 1660 686 1759 capite
707 1653 879 1734 vitulino.

508 1962 2220 2074 Godosred.BidllAnatomiaoohumanicorporis.Anzstelodam11685.fol.ma-

335 2131 410 2202 ior.
438 2121 534 2198 Tab
548 2125 615 2196 XI.
641 2123 766 2222 Fig.5.
793 2125 831 2196 B.
852 2127 880 2196 L
910 2121 1001 2196 duas
1024 2115 1227 2197 oculffium
1245 2119 1440 2222 glandulas
1458 2121 1649 2254 depingit,
1678 2147 1841 2223 quarum
1857 2147 2082 2226 supernam,
2109 2147 2221 2224 supe·

335 2279 475 2348 tiorem
490 2291 620 2368 vocat,
648 2272 821 2367 alteram,
851 2293 1030 2374 quaeest
1054 2279 1095 2348 in
1118 2272 1258 2373 angulo
1287 2271 1425 2347 oculi
1414 2274 1617 2366 interiore,
1652 2249 1931 2392 lachrymaleru.
1996 2279 2108 2371 Quae
2137 2275 2221 2374 qui·
2266 2347 2275 2366 ,

339 2425 427 2503 dem
449 2425 567 2502 altera
591 2423 813 2516 caruncula,
841 2423 1079 2520 lachrymalis
1095 2425 1244 2500 videtur
1262 2449 1362 2516 esse,
1395 2426 1501 2526 prior
1522 2449 1636 2518 vero,
1671 2423 1850 2523 glandula
1870 2406 2128 2520 lachrymtdis,
2156 2451 2222 2500 cu·

331 2585 393 2655 'ius
415 2577 550 2654 ductus
572 2584 685 2653 etiam
707 2579 899 2682 expressit.
955 2579 1158 2662 Caeterum
1174 2576 1368 2678 exemplar
1384 2574 1489 2650 oculi
1499 2569 1668 2675 '‘bubulci
1691 2555 1840 2652 ridetur
1861 2603 1952 2694 suae
1967 2575 2110 2678 figurae
2133 2603 2221 2680 sup-

336 2735 505 2834 positum
532 2728 657 2807 fuisse.

505 3039 594 3116 Iole.
620 3041 766 3142 Georg.
786 3035 1082 3132 ‚Volclammer
1102 3015 1358 3113 Exercitatio
1389 3019 1635 3108 anatomici
1659 3060 1720 3110 20.
1738 3035 1843 3138 Sept.
1865 3038 1974 3114 1686.
2013 3039 2157 3142 ll'iguri
2173 3045 2220 3114 in

240 3294 247 3300 ⁸
343 3199 477 3297 capite
496 3177 674 3266 vitulino
688 3213 875 3294 peracto.
913 3191 1003 3270 -Vid
1023 3189 1294 3264 Miscellanea
1317 3189 1460 3262 curios.
1475 3186 1587 3290 plays.
1604 3187 1708 3260 med.
1721 3189 1821 3261 Dec.
1838 3189 1896 3308 ,H'
1922 3153 2147 3307 Appendicd
2162 3193 2223 3266 ad

341 3305 439 3421 ann.
464 3343 513 3418 V.
547 3369 630 3446 pag.
655 3345 738 3421 133.
793 3339 1068 3438 Carunculam,
1094 3361 1238 3446 puncta
1258 3337 1517 3445 lachrymalia,
1547 3364 1635 3416 cum
1650 3335 1751 3415 duct
1767 3339 1904 3434 nasah,
1933 3361 1971 3416 et
2000 3340 2221 3444 glandulam

340 3463 609 3594 lachrymalem
628 3521 715 3570 etun
742 3493 916 3571 ductibus
933 3493 1192 3598 lymphaticis,
1230 3513 1273 3568 ut
1290 3509 1403 3568 vocat
1425 3490 1615 3567 describit.
1684 3492 1834 3568 Addita
1854 3512 1909 3570 est
1932 3447 2062 3568 tabula
2088 3519 2221 3590 aenea,

278 3737 305 3760 ..
341 3649 536 3726 exhibens
529 3651 682 3754 capitis
709 3647 858 3724 vintlini
879 3647 1052 3748 effigiem.
1099 3649 1141 3722 B.
1163 3645 1349 3748 significat
1369 3645 1472 3720 duct.
1485 3643 1630 3722 nasal.
1650 3647 1694 3720 G.
1714 3633 1860 3748 puncta
1874 3625 2128 3746 lachrymalitt.
2168 3651 2222 3728 D.

213 3777 222 3788 ⁴
339 3823 426 3880 vasa
447 3799 677 3904 lymphatica
706 3799 907 3877 oculorum
917 3799 1134 3904 palpebrae
1157 3802 1348 3904 superiori
1371 3801 1522 3876 ursata.
1640 3829 1643 3835 ·

511 4111 561 4188 G.
583 4111 739 4214 Wolsg.
760 4109 940 4188 Wedelii
961 4102 1319 4186 Exercitationem
1342 4047 1876 4214 medico-philologioarum
1901 4101 2075 4184 decades
2096 4109 2222 4186 datae.

342 4265 566 4340 Jen.1686.
596 4275 631 4351 4.
670 4266 872 4338 Exercitat.
898 4265 955 4342 16.
1010 4265 1075 4340 De
1102 4265 1176 4339 usu
1204 4259 1404 4365 glandulae
1434 4259 1681 4356 lachrymalis.
1731 4262 1880 4352 Auctor
1901 4259 2085 4344 obttttrue
2104 4267 2225 4370 ,omni

261 4509 267 4516 .
343 4413 425 4494 tere
447 4418 606 4492 scientia
628 4417 844 4491 anatomica
876 4433 1053 4490 accurata
1070 4431 1110 4535 et
1132 4414 1233 4491 clara
1254 4415 1454 4497 destitutus
1478 4412 1638 4493 videon.
2045 4397 2049 4412 ¹

503 4727 546 4802 ·1.
567 4701 758 4828 Baptista
785 4723 949 4802 Caldesi
972 4717 1243 4828 ostemationi
1273 4723 1541 4802 anatomiche
1568 4729 1736 4802 intorno
1758 4721 1844 4800 alte
1870 4716 2114 4826 tartarughe
2134 4747 2228 4799 mo-

345 4883 481 4962 ritime
502 4841 656 4986 daque
672 4881 791 4958 dolce
811 4909 835 4960 e
854 4885 1043 4960 terrestri.
1075 4881 1479 4984 Florentin.1687·4·
1530 4881 1638 4962 Duo
1667 4876 1865 4987 glandulae
1887 4873 2137 4976 &dandos
2158 4873 2229 4958 de-
2267 4995 2274 5003 ι
