4686 5700
151 675 192 736 et
211 650 612 758 tanues'membranae
631 649 902 758 palpebrarum
928 653 1005 726 sint
1026 670 1104 728 tam
1133 649 1380 754 perlucidae,
1421 671 1465 728 ut
1486 671 1633 728 tantum
1653 654 1748 733 lucis
1782 665 1901 762 possit
1920 691 2038 766 pene·
2141 665 2150 670 ’

58 875 64 884 .
149 831 270 902 trare,
300 809 407 912 quod
426 808 608 912 praebeat
629 807 742 882 nobis
764 832 919 880 sensum
943 805 1111 908 aliquem
1133 804 1308 897 luminis,
1344 806 1489 880 candor
1519 813 1686 910 quisque
1710 811 1894 888 illustrior
1922 843 2038 918 pene·
2078 833 2081 842 '

150 981 252 1038 trare
279 959 328 1034 ad
357 987 543 1061 organum
564 967 685 1053 risus,
718 963 867 1036 etiamsi
895 961 1136 1058 operimento
1166 931 1434 1060 palpebrarum
1459 957 1672 1035 obductum
1698 967 1768 1053 sit,
1810 985 1849 1040 et
1871 970 2038 1071 exempli
2124 953 2127 958 ⁵

148 1120 269 1218 gratia
292 1115 564 1190 dormientem'
578 1109 872 1216 expergefacere
897 1129 1034 1211 potest.
1116 1110 1337 1206 Quodnisi
1371 1085 1504 1186 oculus
1537 1119 1590 1186 ita
1623 1129 1862 1216 comparatus
1902 1140 2037 1195 natura

148 1286 265 1360 esset,
284 1265 454 1351 rutradii
469 1265 564 1351 lucis
588 1283 790 1367 penetrare
815 1267 964 1363 possint
984 1285 1055 1362 per
1075 1259 1276 1362 palpebras
1301 1264 1492 1355 occlusas,
1513 1277 1707 1364 organum
1721 1271 1818 1345 visus
1834 1269 2036 1348 vehemen-

148 1424 294 1494 tissime
316 1416 549 1507 afficeretur,
577 1419 627 1507 si,
657 1419 965 1515 quotiescunque
989 1417 1221 1512 aperiremus
1245 1412 1400 1504 enidos,
1437 1411 1547 1489 toties
1572 1435 1662 1517 post
1687 1398 1862 1494 tenebras
1888 1441 1926 1498 et
1948 1424 2037 1500 cali-

149 1575 281 1674 ginem
310 1569 571 1643 densissimam
599 1563 884 1640 offenderemur
904 1563 992 1637 luce
1019 1561 1233 1637 clarissima.
1293 1565 1356 1638 Sic
1385 1591 1475 1679 vero
1499 1566 1560 1656 fit,
1593 1585 1637 1658 ut
1657 1568 1804 1669 pupilla
1832 1598 1902 1672 per
1932 1579 2037 1651 tene-

151 1723 238 1798 bras
262 1739 301 1798 et
322 1734 502 1795 somnum
525 1729 821 1819 extensa'atque
845 1714 1017 1808 dilatata,
1051 1733 1167 1816 prout
1191 1715 1358 1790 discusse
1378 1679 1540 1816 calipius
1567 1717 1764 1794 dilucescit
1789 1741 1827 1794 et
1851 1723 1931 1799 dies
1952 1721 2035 1801 illu·
2059 1781 2065 1788 -

151 1894 233 1965 cet,
268 1875 410 1947 sensim
430 1869 677 1946 contrahatur
698 1889 736 1944 et
764 1869 813 1941 ad
839 1873 1132 1968 perceptionem
1154 1867 1251 1944 lucis
1281 1888 1369 1970 apta
1398 1868 1595 1963 reddatur,
1636 1897 1687 1950 ne
1717 1868 1833 1950 lone
1845 1873 1970 1952 subite
2000 1885 2048 2002 et'

151 2027 359 2130 improvisa
376 2021 443 2098 lux
464 2021 587 2098 oculis
613 2019 790 2098 dolorem
819 2032 1083 2096 commoveat..
1608 2019 1613 2026 '

1010 2362 1046 2464 ἓ.
1104 2391 1186 2466 170.

307 2573 533 2648 Praesertim
556 2567 765 2671 palpebrae
794 2562 913 2639 bulbo
945 2567 1154 2638 inserviunt
1177 2541 1377 2661 etiam-eo,¹
1406 2561 1514 2672 quod
1530 2595 1619 2645 eum
1645 2553 1867 2660 humoribus
1889 2579 2031 2676 pariter

152 2722 442 2826 aequaliterque
469 2730 672 2822 inungant,
698 2719 739 2828 id
764 2717 872 2820 quod
893 2715 1055 2840 multum
1077 2715 1168 2792 facit
1198 2719 1247 2792 ad
1268 2720 1395 2794 radios
1416 2720 1512 2795 lucis
1537 2719 1808 2824 infringendos.
1853 2727 1960 2800 -Nam
1982 2729 2032 2801 ad

151 2881 385 2982 anteriorem
412 2873 521 2958 bulbi
543 2869 783 2972 superficiem
808 2893 962 2970 puram,
988 2868 1134 2944 laevem
1159 2890 1197 2944 et
1218 2869 1405 2946 lubricam
1428 2874 1726 2949 conservandam
1744 2869 1836 2948 varii
1851 2875 2032 2954 humores

151 3034 419 3132 requiruntur,
455 3021 590 3124 quibus
618 3019 849 3112 efficeretur,
891 3038 936 3092 ut
956 3017 1051 3092 radii
1066 3019 1161 3095 lucis
1197 3021 1508 3122 refringerentur,
1555 3044 1592 3100 et
1619 3052 1690 3100 nos
1722 3053 1805 3102 eam
1832 3005 1954 3129 ipsam
1980 3027 2030 3104 ob

154 3205 328 3258 caussam
349 3179 534 3276 imagines
556 3197 683 3248 rerum
718 3175 1009 3272 conciperemus
1038 3199 1118 3246 non
1147 3179 1219 3247 nisi
1243 3194 1438 3276 corruptas
1463 3200 1508 3249 ac
1532 3175 1772 3278 depravatas,
1809 3183 1882 3254 nisi
1912 3186 2034 3254 conti·
2071 3167 2077 3177 ¹

89 3321 92 3328 ¹
150 3354 251 3410 nuus
274 3349 399 3405 motus
419 3314 693 3430 ‘palpebrarum
718 3322 880 3398 bulbum
908 3327 1094 3398 continuo
1122 3325 1407 3428 aequaliterque
1423 3327 1670 3426 humectaret,
1711 3349 1748 3402 et
1767 3328 1954 3420 efficeret,
1989 3353 2032 3407 ut
2081 3293 2087 3300 -

150 3481 294 3562 humor
322 3479 518 3558 abundans
541 3504 611 3581 per
633 3495 778 3578 puncta
797 3473 1041 3569 lachrymalia
1064 3453 1118 3548 ab*
1134 3476 1257 3550 oculis
1278 3483 1318 3552 in
1341 3505 1449 3554 nares
1478 3479 1750 3556 deducerem
1794 3485 1895 3556 Tum
1920 3489 2033 3578 enim,

153 3631 276 3742 quum
306 3655 448 3708 tantam
469 3637 545 3706 vim
566 3628 843 3750 lachqymurum
864 3626 1151 3729 profundimus,
1179 3647 1221 3702 ut
1244 3629 1377 3704 oculus
1403 3657 1485 3707 non
1512 3635 1687 3734 irrigetur
1695 3659 1717 3725 ,·
1738 3633 1807 3711 sed
1829 3635 2034 3710 inundetur
2119 3681 2128 3688 ·

151 3786 398 3877 humoribus,
428 3789 495 3892 qui
518 3763 598 3856 non
624 3800 701 3853 tam
726 3779 899 3854 celeriter
921 3778 1062 3855 deduci
1084 3802 1262 3882 possunt,
1292 3808 1406 3884 quam
1430 3781 1482 3855 all
1468 3784 1605 3874 fluunt,
1645 3775 1842 3862 manifeste
1865 3809 2033 3889 apparet,
2105 3863 2110 3871 ,

155 3958 397 4044 quantopere
419 3939 600 4059 imagines
623 3959 751 4007 rerum
775 3951 1015 4006 externarum
1048 3953 1340 4034 corrumpentur
1362 3931 1590 4012 infractione
1617 3935 1817 4038 depravata
1840 3939 2033 4018 radiorum

152 4093 276 4191 lucis,
304 4093 370 4194 qui
389 4087 589 4178 humores,
619 4086 777 4161 oculum
798 4081 1034 4162 obducentes
1060 4106 1271 4189 penetrant.

1008 4429 1044 4536 §-
1096 4415 1187 4546 ψ·

230 4710 246 4726 ,,
312 4637 456 4722 Partes
473 4635 579 4714 oculi
608 4655 787 4714 externae
818 4633 1048 4722 oomrdtrice
1073 4655 1112 4712 et
1140 4636 1299 4739 provida
1329 4636 1536 4714 utilitatum
1566 4641 1741 4714 omnium
1768 4645 2032 4743 opporumita·
2079 4618 2086 4630 ⁸

158 4795 479 4894 uimque-natura
497 4793 670 4892 inprimis
692 4793 964 4867 convenientes
988 4810 1137 4892 aptatae
1158 4809 1197 4865 et
1217 4809 1503 4892 coagmentatae
1523 4811 1629 4886 sunt,
1663 4813 1706 4865 ut
1723 4789 1882 4866 bulbum
1902 4812 2032 4870 tuean-

156 4962 271 5046 unet
290 4947 489 5052 insomne
506 4961 544 5018 et
560 4959 665 5020 extra
678 4939 1099 5050 somnumtdefendunt,
1126 4969 1176 5016 ne
1197 4941 1291 5044 quid
1306 4947 1342 5020 ei
1355 4969 1426 5046 per
1441 4944 1650 5045 pulverent,
1676 4943 1866 5039 brunores,
1893 4915 2043 5060 bestius

1152 5097 1191 5168 H
1216 5120 1239 5169 a
