4686 5700
1073 639 1077 646 .
1169 559 1214 665 s·
1281 583 1362 644 2·

492 715 594 786 Tota
608 709 784 811 glandula
800 708 957 788 inducta
974 731 1029 788 est
1045 717 1149 788 tenui
1169 713 1237 790 sed
1252 722 1340 792 satis
1355 717 1464 794 firma
1479 721 1609 828 tunica
1623 717 1826 818 cellulosa,
1855 746 1902 824 ex
1921 749 1995 828 qua
2017 724 2212 831 pellacem

337 861 460 938 lobuli
480 867 556 962 ejus
577 863 732 966 singuli,
761 863 809 939 de
832 865 968 969 quibus
990 865 1121 968 paullo
1146 865 1302 942 inferius
1328 895 1530 971 exponam.
1697 847 1752 857 ,..
1851 849 1854 856 ¹

1027 1231 1032 1240 .
1178 1167 1214 1271 §a
1275 1175 1358 1248 113.

431 1279 435 1284 ι
491 1317 702 1392 Glandala
717 1316 979 1421 lachrymalis
1000 1319 1173 1418 inferior
1187 1327 1298 1417 (sive,
1327 1343 1370 1398 ut
1391 1325 1484 1400 mihi
1508 1343 1611 1400 certe
1631 1323 1796 1420 videtur,
1826 1307 2029 1428 glandulae
2049 1353 2209 1431 congro-

305 1440 309 1448 Ι
330 1489 439 1572 gatae
451 1472 621 1563 Monroi)
637 1495 717 1544 non
732 1489 835 1545 tanta
850 1489 906 1546 est
919 1473 1194 1572 magnitudine,
1223 1489 1298 1578 qua
1313 1473 1493 1579 glandula
1508 1462 1745 1573 lachrymalis
1762 1483 1957 1582 superior,
1985 1485 2209 1584 praesertim

232 1720 238 1730 .
329 1643 371 1698 ut
383 1624 460 1717 illa,
487 1625 734 1717 subroumda,
762 1599 935 1730 plurillus
951 1625 1089 1702 lohulis
1109 1648 1299 1722 constans,
1319 1631 1387 1704 sed
1402 1629 1565 1731 planior,
1616 1615 1941 1735 Superlicies'ejus
1960 1639 2205 1739 aponevrosis
2319 1683 2320 1752 p

330 1777 491 1850 musculi
507 1777 727 1852 orbicularis
744 1797 782 1852 et
803 1776 977 1854 levatoris
992 1779 1200 1881 palpebrae
1216 1786 1421 1881 superioris
1442 1785 1717 1878 conjunctione
1732 1791 1923 1886 integitur.
1977 1787 2206 1888 superficies
2319 1767 2320 1770 Ἴ

327 1928 484 2005 inferior
508 1937 549 2006 in
571 1936 654 2034 ipsa
674 1952 783 2034 parte
807 1933 1154 2029 conjunctivafflea,
1183 1953 1353 2034 quaeest
1375 1938 1474 2007 inter
1489 1955 1630 2009 tarsum
1645 1957 1683 2013 et
1698 1937 1957 2053 scleroticam,
1984 1944 2087 2040 jacet
2101 1960 2139 2015 et
2157 1968 2206 2017 ex

328 2109 372 2156 ea
386 2081 563 2184 pellucet.
615 2087 754 2185 Incipit
767 2083 861 2158 haec
878 2084 1056 2186 glandula
1074 2083 1164 2156 inde
1188 2110 1209 2154 a
1227 2101 1336 2182 parte
1349 2103 1505 2170 externa
1526 2089 1882 2198 margirrisffconvexi
1900 2093 2006 2186 tarsi,
2034 2111 2072 2168 et
2085 2089 2205 2168 finem
2319 2095 2320 2144 ἶ

325 2237 442 2314 habet
455 2237 524 2354 sub
543 2263 715 2348 convexo
736 2244 906 2340 margine
923 2238 1123 2340 glandulae
1138 2235 1373 2331 lachrymolis
1387 2245 1604 2340 superioris.

967 2587 1014 2604 ..
1109 2547 1124 2562 ‘
1199 2583 1207 2600 ·
1267 2537 1349 2614 114·
1546 2607 1552 2628 .

473 2679 645 2776 Vtraque
661 2674 839 2776 glandula
854 2613 1002 2760 constat¹
1016 2618 1046 2750 e
1051 2522 1206 2778 singull
1225 2682 1425 2782 separatis,
1450 2675 1695 2754 subrutundis
1712 2673 1872 2770 labans,
1909 2680 1976 2778 ‘1¹¹i
1997 2681 2114 2754 “mul
2125 2677 2204 2756 “¹⁸

324 2823 508 2912 cellulosa
529 2834 623 2906 vasis
647 2850 685 2904 et
705 2835 845 2911 nervis
841 2835 949 2904 inter
969 2855 1011 2904 se
1040 2835 1366 2934 conjunguntur.¹
1413 2830 1588 2931 Singulas
1615 2829 1769 2904 lobulus
1792 2836 1965 2962 quisque
1980 2839 2204 2910 cmrtinetur
2319 2833 2320 2844 ’

320 2990 577 3062 minutissimis
595 2989 823 3058 coacervatis
843 2986 969 3055 acinis.
1024 2982 1387 3069 Glandulainferior
1405 2982 1530 3061 differt
1550 2986 1793 3084 asupsriore,
1809 3003 2074 3086 praeterquam
2090 2985 2206 3090 quod
2319 3041 2320 3050 κ

322 3167 402 3217 non
420 3144 620 3239 iramagna
634 3156 709 3229 est,
735 3139 905 3237 inprimis
917 3133 1057 3234 lobulis
1073 3135 1205 3238 paullo
1221 3137 1432 3224 minoribus
1452 3155 1491 3210 et
1508 3139 1672 3238 apertius
1687 3139 1786 3210 inter
1800 3161 1841 3210 se
1859 3135 2093 3214 distarrtibus.

1164 3445 1201 3549 ἕ.
1260 3447 1344 3525 115.

475 3607 645 3680 Ameriae
660 3597 682 3693 ,'
710 3621 829 3672 venae
852 3614 891 3672 et
915 3601 1020 3672 nervi
1042 3597 1192 3676 illarum
1216 3598 1481 3702 glandulauun
1500 3623 1632 3674 omnes
1655 3597 1874 3702 procedunt
1902 3597 1952 3673 ad
1983 3620 2203 3680 concavum

247 3841 257 3856 ,
320 3767 529 3862 marginem
550 3778 587 3833 et
600 3751 838 3856 superficiem
852 3715 1072 3828 inferiorem
1089 3754 1291 3854 glandulae
1303 3743 1529 3856 superioris,
1565 3773 1604 3828 et
1623 3755 1677 3828 ibi
1702 3753 1958 3830 extenduntur
1970 3759 2011 3830 in
2025 3758 2202 3836 ramulos

235 3990 238 4002 Δ
318 3915 538 4020 permultos.
615 3912 665 3983 Hi
689 3905 823 3979 ramuli
844 3881 943 3982 inter
969 3907 1121 3984 lobulos
1147 3880 1347 4010 glandulae
1368 3911 1573 4018 superioris
1596 3909 1901 4012 protenduntur,
1945 3910 2201 4016 singulusque

280 4159 290 4168 .
317 4065 469 4144 lobulas
485 4068 646 4164 quisque
666 4064 838 4134 continet
860 4087 979 4141 unum
1000 4059 1187 4136 ramulum
1207 4067 1381 4156 arteriae,
1408 4087 1528 4138 venae
1544 4080 1582 4138 et
1597 4066 1712 4136 nervi.
1767 4061 2070 4155 Sub'ameriora,
2099 4089 2200 4140 con·

316 4245 411 4298 vexo
433 4219 601 4316 margine
621 4212 822 4313 glandulae
841 4218 1047 4315 superioris
1069 4215 1288 4314 grandiores
1317 4217 1472 4318 quidam
1495 4213 1632 4288 ramuli
1652 4214 1701 4286 ad
1727 4212 1945 4315 glandulam
1966 4211 2199 4294 inferiorem

315 4349 549 4478 procedunt,
577 4371 617 4444 in
632 4391 753 4468 eaque
770 4365 996 4468 dissipantur
1009 4373 1110 4446 inter
1121 4366 1299 4461 lobulos,
1312 4389 1362 4448 ‚et
1382 4373 1425 4448 in
1448 4367 1589 4446 lobulis
1609 4367 1857 4462 haudsecus,
1885 4391 2002 4473 quaro
2019 4374 2061 4444 iu
2085 4369 2199 4474 glap-

315 4525 406 4604 duta
425 4523 626 4626 superiori:
660 4555 665 4562 ·

462 4819 523 4920 Si,
552 4827 658 4930 quod
673 4825 864 4902 interdum
882 4826 963 4907 fieri
978 4827 1095 4920 solet,
1121 4847 1275 4906 mineus
1293 4831 1451 4907 arteriae
1465 4827 1703 4942 lachrymalis
1718 4834 1760 4906 in
1772 4827 1975 4930 superficie
1987 4784 2201 4930 glandulae

311 4987 514 5095 superioris
531 4984 673 5071 transit,
697 4980 925 5084 plerumque
939 4982 1128 5062 ramulum
1140 4987 1312 5086 porrigit,
1341 4989 1407 5088 qui
1419 4989 1524 5084 juna
1536 4990 1744 5088 marginem
1759 4967 1961 5086 glandulae
1976 5007 2196 5063 concavam
