4686 5700
271 431 276 450 ·
317 396 369 471 als
404 409 408 418 “

320 580 634 666 accommodatae
655 581 748 671 sint,
780 593 820 653 et
847 572 1009 670 canalis,
1038 581 1155 678 quem
1182 561 1431 652 sibi'finxerat
1447 577 1659 660 Ferreinus
1683 590 1968 690 compressione
1991 597 2191 700 utriusque

320 713 527 852 palpebrae
543 739 583 808 in
597 731 716 808 bulbo
733 727 826 810 effici
835 786 861 824 ,.
875 729 1007 804 locum
1022 713 1167 830 habere¹
1184 753 1427 846 nequaquam
1442 735 1572 833 possit.
1657 741 1661 752 '

1178 1035 1214 1137 S.
1267 1040 1329 1137 69.

474 1205 606 1288 Extra,
635 1189 683 1268 ad
698 1211 873 1294 tempora
887 1211 1035 1281 versus,
1061 1187 1170 1262 limbi
1192 1188 1399 1291 palpebrae
1413 1193 1613 1296 utriusque
1626 1219 1749 1298 usque
1765 1196 1852 1294 illo,
1878 1203 1946 1278 ubi
1960 1207 2196 1310 conjungun-

320 1381 403 1449 tur,
434 1353 620 1448 margines
649 1343 792 1419 habent
818 1362 929 1418 acute
950 1360 1150 1418 resecatos.
1203 1347 1307 1418 Intro
1339 1369 1448 1436 vero,
1476 1373 1611 1420 nasum
1631 1375 1783 1443 versus,
1813 1351 1922 1428 limbi
1935 1355 2066 1457 paullo
2094 1381 2193 1454 ante,
2265 1371 2269 1378 '

179 1467 185 1478 Ι
246 1472 251 1484 ¹
289 1503 623 1614 'quamsuperior
640 1524 728 1572 curn
745 1494 925 1571 inferiore
943 1499 1195 1595 conjungitur,
1225 1495 1402 1572 desinunt
1418 1519 1573 1592 arcuati,
1600 1499 1727 1594 idest,
1755 1523 1859 1580 extra
1875 1533 2002 1583 versus
2022 1518 2193 1608 convexi,

298 1669 417 1766 „intro
433 1677 559 1729 versus
577 1652 977 1727 commissaliis
995 1645 1087 1723 inde
1108 1647 1154 1724 ab
1174 1606 1252 1724 hoc
1267 1648 1359 1724 loco
1372 1671 1478 1728 recte
1495 1651 1753 1772 deorsumque
1769 1657 1975 1734 flectuntur
1992 1690 2114 1766 usque
2133 1683 2192 1758 eo,

315 1809 382 1884 ubi
403 1805 652 1912 copulantur,
681 1827 808 1904 neque
827 1801 881 1874 ibi
906 1803 1092 1900 margines
1118 1799 1280 1893 liabent,
1307 1826 1440 1877 verum
1462 1831 1618 1907 prorsus
1644 1809 1838 1884 rotundati
1859 1831 1957 1886 sunt.
2016 1814 2093 1910 Ibi,
2127 1815 2194 1891 ubi

316 1983 481 2064 uterque
499 1957 638 2033 limbus
653 1961 704 2028 ita
718 1973 899 2060 mutatur,
928 1951 1116 2026 orificium
1133 1951 1330 2054 quoddam
1345 1959 1433 2028 satis
1449 1978 1618 2057 apparet,
1644 1980 1831 2060 punctum
1847 1961 2088 2058 laclnymale,
2115 1973 2194 2044 eive

316 2108 456 2191 ostium
471 2113 676 2211 superioris
693 2103 893 2182 canaliculi
913 2101 1150 2198 lachrymalis
1166 2109 1207 2177 in
1224 2108 1422 2206 superiore
1438 2106 1633 2210 palpebra,
1662 2128 1700 2184 et
1715 2118 1854 2186 ostium
1869 2113 2032 2188 caniculi
2048 2113 2193 2211 lachry-

313 2265 421 2342 malis
437 2259 652 2340 inferioris
641 2289 682 2336 m
703 2255 889 2334 inferiore
903 2255 1098 2360 palpebra.
1150 2259 1202 2332 Hi
1217 2263 1319 2333 enim
1338 2258 1488 2334 canales
1504 2257 1597 2333 dum
1620 2286 1642 2334 a
1664 2281 1753 2338 cute
1775 2283 1971 2366 teguntur,
1999 2270 2040 2340 in
2060 2292 2191 2371 snper·

311 2419 422 2498 licie
412 2438 560 2496 interna
574 2415 689 2492 finem
704 2415 904 2513 utriusque
919 2407 1028 2487 limbi
1044 2433 1091 2487 eo
1107 2435 1230 2514 usque
1242 2407 1407 2512 fingunt,
1433 2365 1504 2486 ubi
1520 2409 1616 2490 alter
1633 2438 1721 2488 cum
1736 2413 1858 2490 altero
1878 2423 2130 2496 connectitur.

1165 2717 1201 2818 §-
1255 2744 1317 2820 70·
1355 2709 1365 2729 i

462 2885 507 2954 In
520 2877 688 2978 margine
703 2877 884 2950 interiore
897 2874 1096 2972 utriusque
1108 2869 1217 2944 limbi
1231 2869 1437 2980 multitudo
1454 2895 1641 2975 pororum
1657 2877 1894 2951 minutorum
1909 2875 2061 2954 duobus
2085 2881 2188 2958 ordi-

308 3035 424 3112 nibus
441 3031 714 3134 dispositorum
734 3043 901 3130 apparet,
930 3029 1098 3126 quisunt
1115 3025 1274 3128 orificio
1288 3015 1579 3124 folliculorum
1592 3024 1991 3113 Meibomr'anorum,
2020 3058 2188 3136 quorum

310 3213 424 3292 supra
439 3183 754 3261 commemoratio
770 3176 870 3253 facta
883 3193 951 3252 est

1168 3485 1205 3588 §-
1259 3517 1348 3588 71·-

341 3745 345 3754 ¹
457 3655 503 3726 In
525 3649 695 3750 margine
725 3662 884 3720 externo
913 3625 1110 3741 irtriusque
1131 3637 1240 3712 limbi
1265 3636 1422 3713 densato
1451 3636 1587 3715 ordine
1616 3637 1748 3719 breves
1775 3643 1966 3750 rigidique
1991 3647 2078 3752 pili,
2115 3657 2185 3758 qui

293 3821 491 3906 ‘vocantur
509 3803 627 3892 cilia,
656 3797 835 3874 collocati
851 3813 949 3870 sunt.
1006 3794 1217 3866 Crassioras
1237 3808 1383 3866 suntet
1405 3791 1622 3890 rigidiores,
1651 3795 1766 3897 quam
1789 3798 1859 3900 pili
1880 3803 2185 3903 superciliorum,

226 3975 231 3994 '
306 3957 375 4032 sed
390 3953 527 4030 eodem
541 3951 769 4054 plerumque
783 3944 944 4036 colore„
960 3968 1195 4045 quamquam
1211 3961 1249 4018 et
1262 3947 1389 4044 nigros
1408 3945 1655 4021 animadverti
1676 3951 1717 4022 in
1737 3951 1951 4045 nonnullis,
1979 3959 2048 4058 qui
2068 3957 2186 4062 capu.

303 4063 511 4198 lodflavos,
538 4105 633 4182 flava
647 4107 737 4178 item
748 4075 951 4204 supercilia
969 4095 1184 4198 iridemque
1200 4093 1412 4172 caeruleam
1425 4095 1621 4174 haberent.

458 4325 534 4404 Alii
550 4325 725 4402 ciliomm
743 4320 813 4426 pili
825 4335 1021 4424 praestant
1035 4315 1291 4422 aliquantum,
1315 4313 1380 4391 alii
1389 4297 1604 4423 paullisper
1616 4323 1842 4400 remotiores
1856 4326 1973 4428 positi
1989 4345 2088 4404 sunt.

453 4572 497 4642 In
511 4563 694 4670 palpebra
715 4565 911 4665 superiore
929 4564 1140 4654 crassiores,
1166 4557 1358 4662 longiores
1375 4579 1414 4638 et
1433 4564 1668 4666 copiosiores
1681 4581 1780 4656 sunt,
1809 4589 1924 4668 quarn
1941 4571 1980 4640 in
1994 4565 2180 4672 palpebra

301 4719 495 4802 inferiore.
548 4717 776 4817 Longissimi
791 4721 931 4816 suntin
946 4737 1055 4820 parte
1069 4715 1178 4792 limbi
1194 4741 1256 4808 ea,
1282 4739 1381 4818 quae
1398 4731 1455 4790 est
1468 4721 1634 4794 manime
1652 4741 1837 4796 convexa:
1872 4717 2074 4814 breviores,
2090 4722 2182 4798 «dis-

297 4879 505 4978 junctiores
524 4891 562 4948 et
579 4874 770 4946 tenuiores
786 4875 833 4949 in
846 4895 982 4946 eorum
996 4865 1304 4946 extremitatibus.
1355 4865 1430 4962 lbi,
1458 4869 1527 4946 ubi
1544 4891 1689 4974 puncta
1708 4867 1952 4968 lachrymalia
1974 4877 2182 4982 incipiunt,

299 5054 454 5136 prorsus
472 5051 553 5104 esse
571 5023 758 5100 desinunt.
830 5099 834 5106 .
