4686 5700
1422 483 1428 490 .
2322 419 2323 496 l

1060 521 1070 528 ⁵
1161 534 1337 638 §2162

474 697 633 810 Romus
642 693 903 794 lachrymam
924 713 1121 792 supremus
1137 709 1212 796 est,
1239 708 1277 764 et
1293 707 1397 764 extra
1412 709 1540 763 versus
1558 685 1731 765 flectitur.
1786 690 1865 766 Sub
1881 692 2095 796 ‘periorbita
2122 721 2198 774 ser·
2322 645 2323 702 l

319 877 415 958 pens
429 868 537 946 extra
549 873 676 930 versus
691 851 796 944 juxta
811 841 1025 916 musculum
1043 844 1189 942 rectum
1210 843 1473 946 superiorem,
1494 847 1685 942 procurrit
1708 843 1758 919 ad
1777 811 1970 950 glandulas
1994 845 2200 944 lachryma-

319 1005 396 1096 les,
421 1027 491 1104 per
505 1025 599 1102 quas
617 997 848 1098 disvagatur,
877 1009 1114 1098 prosequens
1142 1017 1293 1066 cursum
1320 995 1560 1085 arteriarum,
1588 1015 1627 1069 et
1646 1001 1687 1068 in
1710 997 1875 1072 ramulos
1901 998 2085 1098 plurimos
2110 1001 2202 1076 diri-
2246 1061 2251 1071 ,

253 1207 259 1217 .
318 1185 381 1236 sus
403 1158 552 1255 saepius
579 1169 838 1224 anastomoses
863 1145 1048 1222 efformet.
1110 1149 1236 1246 Prope
1264 1149 1473 1244 marginem
1501 1152 1730 1242 anteriorem
1760 1149 1961 1248 glandulae
1994 1151 2195 1248 inferioris,

318 1311 413 1386 rami
429 1310 508 1404 ejus
525 1305 683 1384 extremi
697 1317 929 1402 procurrunt
945 1301 986 1370 in
999 1300 1168 1371 tunicam
1183 1299 1486 1393 conjunctivam,
1516 1317 1553 1373 at
1573 1303 1614 1373 iu
1634 1305 1792 1400 regione
1814 1307 1902 1376 tarsi
1921 1273 2062 1380 sensim
2082 1305 2201 1382 finem

319 1421 485 1536 liabent.¹

474 1855 697 1950 Priusquam
714 1871 839 1921 ramus
857 1811 1093 1939 lachrymalis
1107 1837 1421 1940 'inter‘glandulas
1441 1847 1630 1942 pervenit,
1658 1845 1810 1948 ablegat
1825 1875 1996 1943 ramum,
2023 1854 2091 1952 qni
2109 1877 2202 1928 con·

321 1983 481 2112 junctim
511 2009 598 2078 cu'm
622 2000 790 2102 quodam
813 2021 919 2092 ramo
945 1998 1120 2078 arteriae,
1155 2014 1377 2090 processum
1400 1991 1599 2066 orbitalem
1619 2002 1711 2069 ossis
1737 2003 1961 2099 zygomatici
1986 2006 2134 2094 transit,
2163 2024 2203 2078 et

204 2217 206 2224 ,
322 2121 411 2238 cum
425 2181 542 2232 nervo
562 2154 798 2226 subcutaneo
814 2143 935 2218 malae
955 2145 1230 2226 insacietatem
1253 2139 1494 2242 perducitur,
1523 2169 1545 2217 e
1569 2170 1645 2244 qua
1672 2171 1798 2220 ramus
1821 2154 2046 2250 porrigitur,
2075 2155 2203 2254 quiin

313 2291 634 2432 'partepanteniore
656 2300 778 2376 fossae
792 2274 1023 2399 'temporalis
1045 2319 1128 2370 sese
1157 2293 1325 2394 adjungit
1346 2291 1395 2365 ad
1422 2293 1610 2369 ramulum
1633 2301 1739 2369 nervi
1761 2301 1980 2400 temporalis
2004 2299 2202 2402 profundi,

320 2469 391 2558 ita,
419 2479 460 2538 ut
474 2483 543 2562 per
557 2456 661 2530 hunc
677 2477 823 2526 ramum
839 2453 933 2560 rami
946 2465 1020 2524 tres
1036 2445 1216 2550 capitales
1230 2450 1337 2522 nervi
1351 2450 1540 2547 trigemini
1555 2450 1655 2524 inter
1666 2472 1708 2526 se
1726 2452 2026 2552 conjungantur„

1166 2892 1201 2996 g.
1259 2895 1355 2970 na

473 3058 661 3132 Maximus
677 3077 801 3126 ramus
817 3051 911 3122 rami
927 3073 950 3120 o
952 3043 1177 3148 phthalmici
1193 3050 1291 3147 paris
1309 3048 1432 3148 quinti
1441 3019 1510 3120 eal
1534 3069 1669 3117 ramus
1678 3044 1899 3142 frontalis,
1928 3050 1996 3148 qui
2017 3049 2116 3125 inter
2134 3073 2206 3152 pe·
2322 3145 2323 3150 ἵ

322 3209 519 3289 riorbitam
540 3223 578 3278 et
599 3201 813 3276 musculum
835 3199 1043 3288 levatorem
1067 3196 1274 3300 palpebrae
1297 3198 1502 3298 superioris
1523 3200 1686 3270 anterius
1711 3223 1837 3271 versus
1860 3198 2133 3300 proficiscitur,
2160 3221 2206 3278 et
2322 3203 2323 3210 ’

291 3318 434 3440 ·ran1is
455 3355 626 3463 pluribus
658 3355 788 3426 transit
806 3355 944 3461 partim
966 3354 1169 3426 incisuram
1189 3353 1265 3422 sive
1285 3348 1458 3422 foramen
1483 3347 1777 3449 supraorbitale,
1814 3355 1952 3450 partim
1975 3351 2203 3448 trochleam,

320 3525 424 3622 juxta
449 3483 611 3615 guamle
628 3511 786 3582 caritate
804 3503 905 3578 cculi
932 3501 1131 3604 egreditur.
1184 3504 1341 3593 Romus,
1370 3512 1568 3602 quem'pcr
1584 3499 1756 3574 foramen
1776 3501 2053 3602 supraorbitale
2076 3509 2205 3606 porri-
2322 3513 2323 3516 ’

230 3651 248 3674 ’
324 3677 395 3774 git,
431 3660 712 3740 extendit'sese
731 3681 846 3758 super
868 3654 1082 3730 musculum
1103 3651 1324 3748 frontalcm,
1353 3669 1639 3752 corrugatorem
1665 3651 1860 3756 supercilii
1882 3674 1921 3732 et
1945 3655 2203 3735 orbicularem

323 3819 592 3928 palpebrarum
608 3831 712 3886 extra
726 3833 851 3886 versus
864 3811 905 3881 in
919 3833 1043 3929 ramos
1058 3805 1207 3880 multos.

477 4213 616 4288 Remus
635 4207 747 4301 alter,
773 4205 885 4283 simul
902 4205 993 4280 dum
1008 4231 1056 4282 ex
1071 4201 1195 4282 orbita
1210 4207 1416 4307 egreditur,
1442 4209 1483 4280 in
1505 4178 1632 4286 ramos
1654 4177 1750 4282 duos
1775 4203 2030 4310 dispanditur,
2057 4234 2205 4314 nempe

324 4373 366 4446 in
379 4361 741 4468 supratroclrlearem
760 4365 797 4434 e't
813 4359 928 4433 alium
945 4385 1090 4434 ramum
1105 4363 1312 4450 minorem,
1348 4365 1414 4464 qui
1428 4386 1511 4434 sese
1533 4359 1701 4461 adplicat
1723 4359 1772 4432 ad
1793 4385 1948 4436 nervum
1966 4337 2203 4437 inlr-atroch-

323 4523 464 4598 learem
477 4517 570 4592 rami
585 4508 731 4588 nasulis.
783 4513 892 4586 Prior
903 4515 943 4600 in
955 4508 1725 4616 palpebrasuperiore'internamusculum
1740 4512 1994 4588 orbicularem
2007 4533 2200 4616 spectans,

324 4665 508 4774 usquead
526 4685 664 4738 tarsum
680 4664 874 4764 procedit,
902 4685 940 4739 et
959 4669 1001 4738 in
1014 4683 1139 4740 cutem
1156 4663 1364 4766 palpebrae
1382 4669 1587 4766 superioris
1609 4685 1691 4738 sese
1711 4663 1901 4756 extendit,
1929 4667 2043 4738 etiam
2068 4691 2202 4770 corru-

326 4827 447 4928 gatori
472 4816 762 4920 superciliorum
784 4835 823 4892 et
845 4815 1018 4892 musculo
1048 4815 1201 4891 lrontali
1233 4817 1398 4890 ramulos
1429 4807 1653 4918 praebens.''
1684 4816 1792 4893 Alter
1814 4817 2048 4894 descendens
2070 4843 2203 4900 versus

326 4973 505 5082 angulum
522 4974 761 5064 interiorem,
784 4995 872 5046 cum
886 4996 992 5046 ramo
1008 4968 1126 5048 natali
1140 4973 1236 5044 rami
1249 4967 1498 5073 ophtltalmici
1516 4972 1775 5046 anastomdsin
1788 4965 1938 5046 format.
