4686 5700
326 377 341 407 x
502 367 520 404 *r
579 408 583 416 ,
890 414 894 423 ‚
933 433 935 440 Ι
1451 309 1457 316 ⁸
1601 343 1606 352 ¹
1923 397 1930 418 t
1957 363 2015 485 ’48

136 583 182 654 In
195 575 360 678 glabella
373 579 511 678 incipit
523 576 709 650 attenuari
717 627 727 665 ,
755 591 794 648 et
809 595 897 646 cnm
910 555 1090 648 nucula
1106 559 1430 672 compresseribus
1442 576 1590 647 narium
1604 575 1644 649 in
1659 595 1768 680 tergo
1782 586 1863 656 nasi
1874 591 2014 663 sensim
2105 616 2108 630 ·

136 713 425 812 rnamsnant
707 717 710 726 '
1972 697 1981 712 ’

984 943 1023 1046 g.
1080 947 1163 1022 138.
1773 1055 1776 1066 1

238 1175 243 1184 ,
296 1105 396 1180 Finis
421 1115 547 1176 autem
570 1091 733 1172 musculi
753 1097 864 1198 hujus
882 1102 1143 1200 aponevrotici
1166 1124 1247 1171 uon
1265 1101 1454 1174 iuvenitur
1475 1105 1513 1174 in
1540 1101 1767 1202 marginibus
1792 1107 2013 1216 orbitarum¹
2090 1071 2095 1081 A

138 1222 477 1384 terumjuxtahos.
530 1255 636 1326 Duru
651 1277 673 1324 a
684 1240 899 1367 perieranio
909 1267 1116 1350 separatur,
1131 1254 1172 1321 in
1183 1225 1403 1370 palpebram
1413 1233 1649 1370 superiorem
1659 1256 1866 1352 descendit,
1893 1293 2015 1370 usque
2069 1294 2074 1304 ·

140 1409 192 1482 ad
205 1379 346 1481 tarsum
356 1367 373 1498 ,ι
394 1403 443 1477 ad
459 1427 575 1506 quem
589 1409 671 1476 'sese
686 1400 862 1475 adnectit.
916 1405 1000 1475 Imo
1013 1406 1161 1490 veroin
1175 1421 1341 1510 utroque
1356 1400 1494 1503 angulo
1517 1405 1620 1480 oculi
1637 1425 1754 1484 tarsos
1774 1413 1906 1490 ambos
1921 1437 2015 1496 con·

135 1537 264 1661 iungit
281 1564 381 1634 inter
398 1582 438 1631 se
455 1581 524 1669 per
539 1552 1012 1658 ligamenta-palpebralia,
1041 1553 1131 1624 dum
1146 1551 1201 1624 ibi
1220 1552 1339 1627 fibrae
1359 1558 1437 1672 ejus
1451 1563 1764 1656 aponevroticae,
1793 1590 1891 1670 quae
1915 1575 2015 1646 circa

141 1681 368 1820 palpebrarn
382 1709 519 1811 ligatae
535 1725 641 1800 sunt,
666 1704 820 1780 fasciam
834 1703 1016 1824 formant,
1052 1731 1127 1806 qua
1147 1729 1201 1826 eo⁴
1213 1709 1348 1778 arctius
1368 1705 1576 1808 palpebrae
1592 1715 1870 1792 contineantur.
1921 1719 2017 1800 Inde

124 1893 166 1962 a
179 1863 390 1966 ligar'nentis
407 1860 511 1934 hisce
528 1859 668 1935 eodem
684 1858 803 1934 modo
821 1861 995 1933 circumit
1010 1853 1234 1959 palpebram
1249 1853 1488 1948 inferiorem,
1515 1861 1564 1933 ad
1586 1839 1725 1936 tarsum
1748 1868 1826 1964 ejus
1849 1894 1936 1946 sese
1952 1873 2018 1947 ad-
2050 1843 2058 1856 ⁰

139 2023 319 2134 jungens,
347 2033 466 2118 atque¹
481 2029 563 2124 turn
576 2007 774 2114 paullatim
790 2013 979 2116 evarrescit
993 2012 1034 2084 in
1050 2014 1154 2110 genis
1173 2007 1307 2082 mediis
1322 2009 1391 2084 snb
1406 2012 1639 2111 pinguedine
1654 2021 1822 2118 copiosa,
1851 2044 2018 2124 quaeest
2086 2081 2092 2094 .

142 2159 213 2246 sub
233 2187 338 2260 cute,
365 2172 465 2240 intus
480 2188 607 2240 versus
622 2182 748 2240 autem
763 2188 888 2266 prope
900 2160 1115 2236 musculum
1139 2160 1346 2235 levatorem
1362 2161 1445 2238 alae
1464 2155 1546 2238 nasi
1566 2186 1604 2239 et
1622 2163 1713 2240 labii
1735 2177 1940 2272 superioris
1962 2180 2019 2252 in-

141 2331 308 2414 euntem}
317 2340 354 2400 et
363 2306 1015 2428 extralversuspropezygomaticum
1023 2317 1206 2412 majorem
1216 2332 1253 2390 et
1262 2312 1470 2391 levatorem
1481 2313 1573 2416 labii
1586 2323 1793 2419 superioris
1800 2329 2013 2428 propriurn.

808 2535 861 2645 ’ἔξ
989 2553 1024 2656 §.
1076 2557 1175 2656 '139.

298 2719 474 2832 Hiigitur
488 2731 576 2788 sunt
597 2713 749 2827 termini
762 2729 800 2786 et
813 2707 906 2782 fines
923 2707 1105 2801 musculi,
1131 2705 1317 2808 quatenus
1335 2727 1392 2783 est
1406 2709 1626 2785 membrana
1648 2719 1920 2814 aponerrotica
1941 2715 2020 2791 ten·

147 2871 292 2946 dinosa.
347 2871 478 2964 Quum
498 2884 625 2940 autern
646 2861 877 2964 amplissimo
895 2865 1055 2950 circuitu
1073 2887 1143 2932 suo
1165 2865 1279 2943 etiam
1302 2885 1459 2938 carneus
1478 2868 1548 2954 sit,
1572 2871 1780 2942 accuratius
1804 2861 2041 2942 describen-'‘
2096 2892 2101 2906 ’

80 3023 85 3036 ’
145 3021 214 3102 dus
233 2991 292 3098 est
307 3025 400 3094 situs
418 3015 598 3090 fibrarum
611 3039 763 3104 suarum
778 3012 1048 3094 muscularium
1060 3029 1100 3085 et
1114 3028 1300 3086 structura
1314 3015 1391 3110 ejus
1406 3017 1588 3120 universa.

240 3249 246 3261 “
299 3242 362 3318 Ad
383 3245 558 3343 occiput,
586 3260 762 3340 tempora
777 3256 815 3312 et
832 3227 998 3311 frontern
1020 3221 1363 3336 rnaximealligatus
1378 3238 1544 3314 estfibris
1557 3204 1765 3342 splendidis
1780 3241 2039 3345 aponevroti-‘

148 3401 218 3491 cis,
230 3421 329 3499 quae
341 3397 450 3468 variis
468 3391 1087 3502 modisimplicataecontinentur.
1111 3391 1412 3489 Jn'partemedia
1425 3415 1541 3492 super
1551 3397 1719 3465 cranium
1731 3419 1941 3468 convexum
1950 3398 2022 3472 hae

144 3551 268 3628 fibras
287 3551 426 3654 arcum
446 3563 588 3620 coeunt
602 3548 665 3634 ita',
682 3541 901 3616 utlormam
915 3565 1008 3644 prae
1022 3537 1201 3614 scierant
1216 3538 1364 3614 filatum
1378 3541 1544 3614 texendo
1561 3547 1715 3616 interae
1733 3541 2021 3642 conjunctarum
2091 3587 2094 3594 .

147 3723 188 3782 et
206 3700 306 3778 telae
321 3697 543 3792 belluinae,
571 3697 742 3798 inprimis
756 3691 830 3786 ibi,
856 3693 926 3766 ubi
937 3717 1020 3768 susc
1035 3691 1205 3794 adjungit
1220 3691 1267 3764 ad
1282 3698 1553 3793 integumenta.
1607 3698 1676 3767 His
1690 3701 1790 3768 enirn
1812 3693 2022 3774 firmissime

142 3855 400 3958 adnexusest.
452 3847 653 3948 Pinguedo
666 3845 812 3922 inclusa
827 3845 932 3919 cellis
947 3850 1011 3940 (err
1027 3843 1195 3918 firmiore
1209 3843 1285 3919 tela
1300 3843 1483 3922 cellulosa
1502 3815 1693 3939 formatis,
1721 3853 1826 3946 cujus
1848 3847 1923 3952 ape
1946 3857 2024 3952 epi.

140 4010 323 4086 nranium
345 4000 395 4082 ad
414 4015 545 4080 cutem
566 3999 796 4099 adjungitur)
816 3995 1040 4073 conditione
1063 3993 1242 4096 singulari
1266 4013 1339 4088 est,
1374 4023 1462 4072 cum
1485 4005 1601 4100 tnagis
1625 4001 1718 4073 liuva
1741 4006 1809 4092 sit,
1849 3999 2023 4104 quanin

148 4157 301 4260 reliquo
312 4159 496 4255 corpore,
521 4171 559 4228 et
571 4151 651 4227 fere
665 4150 966 4252 rubidapneque
980 4167 1058 4224 tam
1070 4147 1287 4241 tractabilis,
1315 4155 1429 4224 etiam
1442 4155 1482 4226 in
1498 4151 1699 4252 particulas
1715 4155 2021 4230 rninutasdirisa.
2076 4221 2098 4236 ,,
2134 4230 2140 4247 ,
2186 4253 2189 4260 Ι

607 4344 613 4354 .
1025 4325 1041 4364 s
1299 4361 1304 4372 ,

303 4373 433 4470 Etiam*
449 4419 495 4482 ea
519 4395 700 4494 epicranii
720 4402 828 4494 pars,
858 4394 1017 4493 quaein
1039 4389 1231 4496 palpebris
1255 4407 1329 4484 est,
1364 4408 1515 4465 constat
1535 4389 1637 4466 fibris
1660 4372 1886 4486 tendinosis‚
1915 4398 2024 4468 etita
2140 4415 2146 4422 ·

149 4547 327 4653 quidem,
354 4566 397 4619 ut
415 4547 456 4618 in
480 4543 644 4619 formam
661 4545 794 4621 cir'culi
817 4565 935 4618 tarsos
950 4543 1217 4646 palpebrarum
1234 4549 1484 4634 circumeant,
1512 4527 1850 4646 alteraque-earum
1869 4543 2024 4618 alteram

144 4717 323 4774 transeat
376 4703 420 4772 In
437 4695 620 4800 palpebra
633 4700 829 4799 superiore
846 4701 923 4772 exit
936 4701 976 4770 in
995 4699 1248 4800 aponevrosir‘r
1262 4695 1437 4771 levatoris
1451 4695 1657 4800 palpebrae
1671 4699 1874 4798 superioris
1893 4699 1955 4788 ita,
1980 4717 2024 4770 ut
2058 4737 2066 4747 -

119 4883 125 4890 ·
149 4835 408 4954 sponerroscs
422 4849 523 4928 iuter
536 4871 577 4944 se
590 4849 766 4952 separare
779 4851 1007 4953 nequissem.

1104 5057 1107 5064 .
1198 5003 1228 5076 F
1253 5025 1275 5077 a
