4686 5700
900 555 1258 712 'cap-VI·

196 841 787 922 -etanaalarum
826 839 1438 962 “treats-maltum
1488 813 1944 952 descriptio.

998 1144 1033 1248 S·
1091 1171 1176 1262 ¹09

303 1303 541 1380 Glandulae
555 1297 824 1404 lachrymales
839 1318 928 1378 sunt
943 1298 1042 1424 duae
1058 1299 1260 1401 glandulae
1275 1301 1595 1450 conglomeratae,
1613 1329 1712 1410 quae
1723 1310 1850 1406 jacent
1863 1315 1903 1386 in
1917 1335 2026 1443 parte

148 1457 359 1564 palpebrae
378 1462 584 1561 superioris
607 1481 807 1560 suprema
813 1465 851 1533 e‘t
870 1459 1103 1570 posteriore,
1131 1475 1238 1529 extra
1259 1479 1387 1532 versus
1408 1458 1480 1532 sub
1501 1459 1620 1562 plano
1644 1463 1792 1539 orbitae
1811 1475 2023 1586 superiora.
2065 1449 2067 1454 ι

148 1615 476 1714 Coniunguntur'
464 1633 566 1688 inter
587 1637 628 1686 se
651 1615 765 1704 iasis,
792 1615 916 1688 nervis
939 1614 1093 1711 suisque
1110 1603 1331 1685 ductibus.
1350 1609 1517 1689 Alteram
1534 1641 1664 1694 aarum
1677 1623 1836 1696 nomino
1851 1629 2024 1726 superio·
2113 1661 2116 1666 2

146 1791 255 1846 rem,
284 1763 439 1870 alteram
462 1766 711 1864 inferiorem.

162 1867 172 1898 Ι

1402 1850 1404 1860 ι

1340 1895 1345 1909 1

1261 1928 1304 2018 ό

1508 2081 1521 2092 ⁸·

989 2089 1025 2192 ὃ.
1081 2115 1163 2168 ιιο.

256 2283 259 2296 ·
300 2247 341 2328 Si
361 2247 497 2322 hanun
521 2244 787 2350 glandularum
816 2246 931 2320 situm
953 2265 1131 2320 accurate
1153 2268 1390 2345 cognoscere
1414 2223 1488 2340 lis,
1522 2249 1944 2356 caute⁴reliingendurn
1970 2277 2028 2335 est

145 2406 306 2512 planum
327 2404 474 2480 orbitae
498 2395 682 2505 superius.
762 2403 852 2497 Quo
875 2417 1025 2473 remoto
1048 2404 1215 2501 reperies
1246 2399 1464 2500 glandularn
1488 2400 1755 2498 lachrymalem
1778 2418 2027 2512 superiorem,

148 2561 381 2664 periorbita
371 2577 574 2649 ιιιιεοιιιιιι,
600 2556 670 2631 sub
686 2553 787 2630 fossa
799 2580 871 2658 pro
886 2543 1069 2655 glandula
1080 2551 1310 2648 lachrymalr,
1340 2579 1439 2656 quae
1452 2551 1601 2647 fossa,'
1589 2587 1631 2630 ιιι
1647 2587 1731 2636 osse
1745 2560 1880 2639 frontis
1901 2568 2026 2664 ducta,
2143 2657 2147 2669 ¹

146 2737 265 2818 supra
278 2715 470 2815 desumpta
485 2713 570 2798 est'
606 2709 757 2808 Quodsi
772 2705 885 2784 etiarn
897 2711 1146 2808 periorbitam
1160 2707 1405 2810 glandularu'²¹
1402 2725 1593 2810 tegentem
1610 2713 1825 2811 resolveris,
1852 2721 2055 2821 glandula'
2125 2707 2134 2720 ⁹

146 2876 232 2972 ipsa
247 2867 464 2971 apparebit,
493 2864 669 2968 globulus
686 2882 835 2955 ovatus,
863 2827 1049 2956 rabellus,
1076 2857 1238 2965 planus,
1260 2867 1366 2962 culus
1378 2889 1468 2965 pars
1480 2871 1672 2968 posterior
1687 2850 1846 2950 latetur
1872 2857 2042 2978 pingue'

148 3023 262 3118 diue,
290 3019 545 3124 quaiuvoluti
565 3039 656 3096 sunt
677 3017 841 3096 musculi
863 3012 972 3096 hubi
994 3013 1033 3095 et
1058 3007 1230 3102 bulbus
1218 3041 1317 3120 ipse

1003 3341 1037 3449 3.
1096 3375 1179 3423 ιιι.
1299 3295 1301 3302 Ι

307 3501 535 3608 superficies
562 3504 737 3606 superior
760 3523 928 3575 convexa
954 3519 1037 3594 est·,
1078 3474 1320 3602 potissimum
1347 3517 1453 3573 extra
1479 3483 1606 3576 versus
1628 3503 1669 3576 in
1694 3523 1801 3607 parte
1830 3505 2031 3610 glandulae

149 3661 392 3738 crassissima.
445 3650 1146 3758 superficies'inferior'pe'nitus'plana
1168 3671 1281 3745 esset,
1313 3651 1406 3746 nisi,
1441 3651 1630 3765 declinata
1644 3661 1685 3730 in
1701 3657 1821 3735 bulbo
1845 3688 2030 3762 convexo,

147 3799 430 3887 in‘corrcavur'n
450 3809 676 3884 flecteretur
687 3797 708 3851 '-

307 4031 442 4130 Margo
457 4034 625 4106 anterior
637 4031 807 4108 internus
823 3997 1015 4102 convexus
1038 4043 1094 4104 est
1116 4044 1155 4102 ot
1174 4027 1261 4102 satis
1289 4042 1441 4120 acutus,
1462 4023 1538 4102 sed
1557 4051 1688 4134 margo
1706 4038 1898 4137 posterior
1912 4059 2032 4116 exter-

146 4204 306 4288 nusque
327 4180 501 4262 obtusior
521 4199 561 4258 et
579 4142 711 4286 paullo
736 4185 942 4294 concavior
966 4200 1033 4258 est.

219 4469 237 4478 ..
262 4433 268 4440 ²
307 4363 535 4518 Eananritar
561 4405 722 4500 crassior
745 4400 951 4504 glandrdaa
980 4419 1085 4478 extra
1110 4353 1156 4476 et·
1175 4399 1364 4502 posterius
1389 4419 1517 4479 versus
1544 4399 1646 4502 jacet
1670 4425 1786 4509 super
1818 4405 2033 4491 musculum

144 4573 303 4633 rectum
327 4558 565 4655 superiorem
584 4551 712 4647 bulbi,
729 4557 897 4662 ¹tranuior
920 4554 1134 4629 extremitas
1153 4557 1252 4626 intra
1276 4571 1314 4628 et
1334 4561 1524 4655 posterius
1545 4581 1671 4632 versus
1694 4537 1845 4664 inipso
1864 4565 2034 4643 levatore

142 4705 362 4814 palpebrae
375 4709 601 4808 superioris,
628 4731 761 4808 margo
778 4710 945 4784 anterior
958 4727 1149 4781 convexus
1163 4709 1204 4778 in
1213 4704 1352 4797 ,medio
1363 4726 1521 4809 apparet
1532 4733 1647 4812 super
1661 4711 1877 4813 glandulam
1891 4714 2035 4816 lachfy.

148 4857 295 4936 malem
307 4853 547 4962 hilariorem,
575 4878 614 4936 et
630 4859 787 4964 quidam
801 4880 915 4962 super
928 4865 1078 4961 partera
1093 4861 1171 4959 ejus
1185 4861 1450 4970 posteriorerp.
1506 4907 1511 4912 -
1570 4879 1575 4884 ·

1142 5067 1147 5074 .
1200 5011 1233 5088 Ε
1258 5035 1313 5086 2.
