4708 5700
253 313 355 400 ,¹4

255 501 264 506 '
310 491 579 582 srrbrotandaa
597 480 824 589 atqueinde,
851 475 1094 554 dumsensim
1104 476 1145 550 in
1159 483 1358 576 angustum
1374 473 1534 576 cogitur,
1562 489 1760 552 externam
1773 491 2053 578 partemversus
2063 483 2181 582 surgit

294 652 352 732 jn
362 643 484 722 altum,
520 647 622 722 Tum
636 637 891 740 plusquamin
900 649 1047 733 partem
1057 625 1254 703 dimidiam
1264 626 1443 702 conclusa
1453 629 1492 699 in
1502 646 1701 726 augustum
1726 647 1764 707 et
1777 649 1936 724 arctum,
1952 632 2110 734 figuram
2126 639 2183 710 in.

313 765 715 896 dueusanguliobtusi‘
729 788 901 886 protinus
911 781 1086 884 procedit
1100 805 1146 856 eo
1157 806 1290 900 usque,
1314 779 1382 853 ubi
1396 783 1435 852 in
1447 782 1592 881 pariete
1606 784 1803 881 superiore
1819 807 1861 858 os
1870 782 2004 860 frontis
2021 811 2109 860 cum
2126 787 2184 861 ala

313 937 1029 1049 magnaossissphenodeijconjuugitur.
1073 930 1366 1008 Haetfissurain
1377 932 1643 1020 orbitaiutima
1652 953 1798 1052 partem
1809 941 1964 1038 parietis
1981 944 2186 1042 superioris

313 1117 462 1204 separat
487 1093 534 1168 ab
559 1115 714 1170 externo
744 1094 907 1192 pariete,
944 1081 982 1158 el
1011 1109 1128 1160 nervo
1161 1085 1264 1162 oculi
1283 1089 1471 1178 motoria,
1506 1081 1727 1178 trochleari,
1762 1086 1988 1184 abducent,
2015 1112 2055 1166 et
2074 1117 2182 1168 ramo

214 1209 217 1214 Α
315 1247 574 1356 ophthalmico
589 1250 687 1348 paris
705 1207 826 1344 quinti
840 1238 1121 1313 transeuntibus
1135 1251 1240 1338 patet
1254 1264 1302 1313 ex
1318 1241 1477 1313 cavitate
1499 1241 1617 1314 cr‘anii
1638 1243 1679 1312 in
1700 1240 1869 1319 orbitam.
1920 1242 2065 1318 Eadem
2088 1271 2184 1348 quo-

315 1431 391 1510 qua
404 1405 464 1474 via
478 1397 575 1472 vena
592 1391 847 1497 ophthalmica
863 1389 1066 1466 cerebralis
1085 1389 1257 1466 exorbita
1276 1395 1317 1466 iu
1333 1395 1504 1466 cranium
1518 1391 1706 1494 procedit.
1730 1395 1790 1470 Aa
1805 1363 1984 1471 obtusum
1998 1395 2184 1495 hujusiis·

312 1581 423 1634 surae
438 1549 617 1651 angulum
634 1545 846 1620 adnectitur
857 1541 1123 1644 ligameutruu,
1159 1565 1275 1646 aquo
1292 1542 1488 1622 musculus
1508 1559 1634 1622 rectus
1659 1541 1836 1644 irxferior,
1863 1567 1989 1628 rectus
2012 1551 2182 1631 internus

313 1729 353 1788 et
369 1725 546 1786 externus
564 1702 750 1818 originem
771 1693 887 1769 ducit.

1171 2020 1208 2124 §-
1261 2019 1322 2102 st.

465 2233 549 2310 Alia
568 2229 755 2336 quaedam
770 2227 887 2330 longa
903 2244 1006 2304 arcta
1020 2225 1152 2301 fissura
1177 2228 1222 2298 iu
1240 2213 1423 2344 interiore
1444 2225 1588 2318 orbita,
1612 2226 1812 2300 maximam
1826 2243 1976 2329 partem
1997 2222 2187 2306 inferioris
2225 2301 2233 2306 .
2326 2189 2327 2242 ἶ

311 2391 536 2494 externique
559 2388 711 2490 parietis
739 2399 899 2485 separat
951 2355 1122 2456 Vocatur
1140 2376 1273 2452 fissura
1293 2377 1464 2454 orbitalis
1489 2374 1664 2472 inferior,
1700 2397 1735 2454 et
1756 2381 1857 2456 inter
1882 2377 1981 2453 alam
2009 2403 2186 2482 magnam

263 2629 268 2641 ι
312 2552 405 2624 ossis
433 2538 678 2644 sphenoidei,
704 2533 892 2610 ‘laminam
917 2532 1118 2608 orbitalem
1146 2535 1240 2608 ossis
1277 2531 1481 2605 maxillaris
1510 2533 1732 2632 superioris,
1765 2549 1803 2606 et
1834 2557 1878 2606 os
1908 2535 2186 2634 zygomaticum

308 2697 400 2774 inde
428 2719 449 2764 a
476 2688 664 2762 foramine
685 2684 852 2756 rotundo
876 2685 1081 2781 porrigitur
1113 2703 1238 2779 usque
1269 2679 1319 2749 ad
1348 2703 1390 2750 os
1427 2685 1723 2777 aygomaticum‚
1752 2679 1820 2754 ubi
1844 2685 2011 2760 incisura
2045 2711 2182 2785 magna

310 2843 476 2924 rotunda
489 2843 640 2916 initium
660 2835 784 2911 sumit
848 2829 924 2925 Ibi,
952 2827 1019 2906 ubi
1043 2830 1120 2908 hoc
1146 2826 1321 2906 foraruen
1343 2827 1553 2908 rotundum
1577 2835 1762 2908 sinuatum
1785 2858 1873 2911 esse
1891 2833 2047 2930 desinit,
2081 2837 2186 2913 fissu-

309 3027 374 3078 rae
402 2997 626 3098 angustioris
657 2985 860 3090 fingendae
891 2961 1041 3078 caussa,
1074 2990 1116 3060 in
1143 2979 1417 3084 conjunctione
1450 3001 1507 3059 est
1531 3009 1621 3059 cum
1642 2983 1768 3062 fissura
1788 2985 1937 3092 spheuo
1952 3021 1969 3050 -ι
1984 2989 2182 3066 maxillari.

206 3141 209 3148 ¹
308 3147 461 3230 Remuli
487 3146 564 3220 duo
580 3146 686 3220 nervi
700 3139 902 3216 maxillaris
926 3128 1149 3266 superioris,
1167 3139 1326 3242 'jnempe
1351 3135 1606 3216 subcutaneus
1634 3137 2117 3244 malae-etinfraorbitalis,
2144 3147 2186 3220 iu

306 3303 380 3382 hac
393 3301 526 3378 susara
544 3295 773 3402 procedunt.

464 3853 563 3926 Cum
578 3845 655 3921 hac
666 3848 748 3948 ipsa
761 3843 911 3940 fissura,
940 3841 1030 3934 alia,
1059 3841 1728 3946 eaquefissarasphenomaaillaris
1745 3845 1951 3944 conjuncta
1975 3861 2051 3940 est,
2085 3865 2123 3923 et
2139 3835 2186 3921 ab

303 4006 376 4082 hac
393 4007 521 4080 oritur.
574 3997 701 4076 Efficit
715 4024 804 4074 cum
818 4024 864 4074 ea
878 3995 1058 4098 angulum
1072 4000 1348 4086 acutissimum,
1375 4013 1412 4070 et
1434 3999 1639 4108 igr-pariete
1661 3995 1841 4073 inferiore
1863 4003 2027 4074 interos
2054 3997 2188 4072 maxil-

240 4255 246 4275 .
301 4158 381 4234 lare
396 4175 434 4234 et
449 4176 671 4258 processum
690 4148 979 4254 pterygoideum
995 4151 1088 4224 ossis
1103 4145 1330 4249 sphenoidei
1351 4147 1560 4250 protendit.
1612 4147 1756 4224 Eadem
1779 4148 1911 4226 fissura
1930 4175 2019 4226 cam
2038 4155 2187 4254 perior-

301 4309 400 4404 bita,
428 4333 513 4387 eam
530 4306 767 4399 obducente,
796 4301 968 4380 canalem
984 4295 1109 4393 efficit,
1136 4297 1329 4376 interdum
1349 4325 1440 4376 vero
1455 4305 1539 4404 ipsa
1553 4320 1610 4378 est
1622 4299 1762 4376 caralis
1776 4305 1923 4404 integer
1940 4327 2081 4380 osseus.

453 4630 587 4708 Paullo
610 4649 698 4706 ante
720 4631 1033 4728 conjunctionem
1058 4628 1151 4702 ossis
1176 4627 1402 4726 zygomatici
1420 4599 1668 4702 cantamina
1688 4623 1841 4700 orbitali
1862 4629 1956 4700 ossis
1981 4625 2187 4703 maxillaris

299 4787 505 4889 superioris
519 4788 559 4856 in
575 4786 721 4886 pariete
742 4777 922 4856 inferiore
939 4779 1087 4854 orbitae
1103 4777 1234 4854 fissura
1255 4777 1605 4884 spltenomaxillan's
1628 4784 1668 4855 in
1688 4779 1859 4856 canalem
1885 4776 2188 4858 infraorbitalem

300 4937 538 5044 procedens,
571 4934 704 5016 linem,
719 4929 844 5010 habat
901 4929 1052 5010 ematis
1082 4937 1152 5010 iste
1175 4929 1247 5010 slrb
1274 4931 1417 5010 lamina
1445 4933 1599 5012 orbitali
1628 4939 1722 5012 ossis
1750 4933 1955 5012 maxillaris
1983 4939 2190 5040 superioris
