4686 5700
305 339 357 414 28
2023 290 2033 322 x

307 547 435 640 versus
455 519 668 600 circuitum
699 505 1378 625 orbitae:superioremfjcittis'npars',
1412 489 1747 626 pugiaajinlsr'aa
1764 519 1862 608 ,cam
1882 511 2101 624 ¹palpebrae
2124 480 2210 608 re·¹
2242 591 2247 598 .

315 694 431 755 catur.
1266 685 1270 692 ’
1303 685 1307 692 ’
2059 685 2064 696 ’
2088 679 2093 691 ¹

1173 937 1209 1039 g.
1261 939 1323 1015 aa

467 1130 534 1232 Ad
554 1127 776 1234 palpebram
804 1115 1025 1204 inferiorem
1053 1122 1296 1198 formandam
1324 1129 1583 1226 integumenta
1612 1114 1832 1206 communia
1851 1155 2033 1231 genarum
2055 1136 2137 1208 nasi
2155 1151 2193 1208 et

288 1281 676 1388 ‹temporum,·inde
708 1303 734 1388 a·
753 1279 969 1383 peripheria
997 1265 1359 1352 inferioreor'bitae
1386 1279 1604 1378 procedunt
1623 1286 1693 1375 ita,
1729 1303 1772 1357 ut
1796 1303 1877 1358 earn
1905 1281 2015 1358 bulbi
2043 1263 2193 1384 partem

301 1456 460 1538 regant,
490 1460 589 1536 quae
614 1433 796 1536 palpebra
814 1431 1011 1533 superiore
1031 1434 1106 1531 tegi
1128 1455 1208 1502 non
1227 1430 1379 1528 potest.¹
1418 1427 1475 1502 lbi
1495 1437 1634 1534 pagina
1656 1421 1752 1510 cutis
1780 1455 1956 1527 externa,
1982 1456 2027 1510 ut
2049 1441 2090 1510 in
2111 1433 2194 1537 pal-

188 1659 192 1666 .
287 1551 636 1693 'pebrasuperiori
658 1589 1012 1696 paginaeinternae
1022 1581 1230 1684 palpebrae
1241 1579 1432 1658 inferioris
1447 1580 1682 1684 effingendae
1698 1610 1841 1678 caussa,
1865 1588 2082 1666 circumdat
2090 1612 2193 1664 mar-

316 1731 443 1844 giuem
463 1744 552 1816 tarsi
570 1741 825 1841 superiorem,
853 1753 891 1812 et
914 1733 1134 1811 inferiorem
1150 1730 1406 1834 peripheriam
1422 1736 1569 1812 orbitae
1583 1764 1710 1814 versus
1731 1739 1938 1817 descendit.

1064 2093 1070 2104 ·
1143 2053 1217 2154 ·§.·
1268 2031 1328 2139 si.

468 2255 601 2350 Itaque
616 2250 764 2322 interna
777 2246 914 2348 pagina
929 2247 1024 2319 cutis
1038 2243 1245 2348 palpebrae
1262 2246 1465 2346 superioris
1484 2240 1530 2316 ab
1546 2241 1665 2318 limbo
1689 2247 1768 2341 ejus
1790 2245 1996 2348 palpebrae
2021 2247 2069 2320 ad
2094 2253 2194 2350 peri-

315 2404 485 2504 pheriam
500 2406 736 2502 superiorem
750 2399 913 2490 orbitae,
947 2388 1085 2500 pagina
1101 2402 1248 2472 interna
1264 2399 1359 2469 cutis
1376 2369 1581 2498 palpebrae
1596 2393 1804 2486 inferioris,
1829 2397 1876 2470 ab
1893 2398 2117 2502 ejuslirnbo
2142 2400 2192 2473 ad

314 2553 569 2658 peripheriam
586 2552 732 2626 orbitae
746 2548 966 2628 inferiorem
980 2549 1194 2634 extenditur
1207 2553 1278 2644 ita,
1300 2567 1346 2624 ut
1363 2552 1528 2626 exterior
1542 2551 1767 2651 paginarum
1780 2547 2007 2656 superficies
2022 2549 2073 2628 ad
2088 2570 2192 2628 auto-

315 2711 457 2782 riorem
467 2703 576 2782 bulbi
588 2701 829 2806 superficiem
843 2719 999 2806 spectet.

1175 3043 1210 3144 ς.
1234 2941 1237 2948 .
1265 3041 1325 3120 as.

331 3230 341 3246 '
468 3219 545 3298 Sed
566 3219 733 3324 'utraque
755 3222 919 3326 pagina
948 3223 1048 3292 cittis
1071 3217 1366 3322 palpebrarum
1392 3219 1557 3288 intorno
1581 3238 1662 3290 non
1688 3215 1738 3290 ad
1765 3214 2020 3318 peripheriam
2044 3223 2192 3303 orbitae

315 3376 487 3482 pervenit
505 3378 575 3467 ita,
602 3393 646 3448 ut
663 3400 817 3452 cumea
837 3375 1018 3474 conjungi
1035 3375 1173 3472 possit,
1199 3393 1330 3446 verum
1351 3395 1374 3442 a
1393 3365 1594 3469 superficie
1613 3344 1764 3448 interna
1783 3389 1971 3446 tarsorum
1992 3381 2190 3480 utriusque

316 3526 523 3633 palpebrae
544 3526 695 3602 ducitur
709 3525 758 3602 ad
775 3523 1016 3628 superficiem
1031 3527 1262 3598 anteriorem
1276 3515 1385 3596 bulbi
1403 3519 1526 3614 oculi,
1556 3541 1613 3614 et,
1639 3539 1683 3596 ut
1701 3521 1868 3598 cuticula
1884 3531 2010 3602 tenuis
2028 3527 2188 3606 obducit

316 3671 397 3757 non
415 3677 541 3756 solum
551 3684 719 3782 tunicam
734 3703 932 3772 corneam,
958 3675 1028 3778 sed
1049 3680 1163 3753 etiam
1186 3679 1415 3763 anteriorem
1429 3673 1661 3770 sderoucae,
1677 3693 1846 3774 partera,
1867 3662 1928 3770 ”ad¹
1942 3637 2068 3786 uuam·
2084 3681 2190 3774 brari

316 3829 590 3918 telacellulosa
604 3831 750 3908 adnexa
765 3851 831 3908 est.
870 3813 1100 3936 Posteriora
1113 3834 1239 3908 versus
1255 3833 1366 3906 vestit
1381 3851 1539 3930 quoque
1559 3826 1851 3928 pinguedinem,
1878 3855 1961 3934 qua¹
1976 3831 2189 3926 &cumde-

318 4000 379 4060 tur
391 3981 526 4092 bulbus
544 3983 667 4080 oculi,
694 4003 733 4062 et
750 3986 922 4088 superius
941 3981 1159 4089 glandulam
1174 3979 1444 4081 lachrymaleur
1457 3975 1688 4060 inferiorem.

1171 4295 1207 4396 S·
1266 4297 1328 4386 86·

468 4481 524 4558 Ea
549 4481 644 4559 cutis
669 4507 774 4586 pars,
801 4507 900 4588 quae
931 4505 1046 4586 super
1066 4447 1215 4586 partem
1241 4483 1470 4558 anteriorem
1499 4475 1610 4556 bulbi
1639 4477 1744 4558 oculi
1765 4479 2001 4578 extenditur,
2030 4499 2193 4564 mortar

314 4637 459 4712 tunica
473 4637 636 4712 adnata
647 4641 725 4714 sire
740 4643 1017 4741 conjunctiva,
1042 4641 1132 4739 quia
1146 4661 1228 4710 non
1239 4635 1363 4709 solum
1377 4633 1601 4738 palpebram
1615 4653 1818 4740 utramque
1832 4606 2193 4739 conjungeremur

315 4787 655 4894 etiampalpebraa
682 4815 769 4865 cum
793 4790 913 4866 bulbo
949 4793 1155 4868 connectit.
1218 4792 1346 4890 Prope
1371 4787 1552 4864 canthum
1584 4787 1752 4864 nasalenr
1779 4796 1911 4866 tramit
1942 4789 2189 4873 carunculam

312 4939 599 5040 laclrrymalem,
626 4947 730 5021 etita
746 4945 1017 5052 complicatur,
1044 4961 1088 5018 ut
1099 4939 1240 5018 formet
1251 4941 1535 5020 membranam
1546 4943 1844 5018 semilunorem.
1909 4971 1913 5004 ι
1994 4965 2010 4989 ··
