4708 5700
282 455 348 510 x11
439 435 448 446 “
502 477 521 534 ·.

1199 586 1209 598 ,
1705 560 1710 582 ι
2335 552 2336 587 i

463 615 649 712 Quamvis
674 639 748 690 non
764 617 857 690 ‘sine
875 599 1106 744 verecundia
1127 593 1167 688 et
1195 615 1389 690 timiditate
1418 617 1489 690 sim
1515 617 1550 689 in
1570 615 1719 692 edendo
1745 616 1819 692 hoc
1847 624 2055 718 specimine
2081 601 2161 723 pri·
2335 638 2336 697 i

251 872 254 884 ν
282 805 349 857 mo
379 783 558 857 scientiae
578 775 1066 874 meaeartisanatomicae,
1097 789 1225 855 tamen
1246 779 1281 853 id
1305 785 1418 875 erigit
1445 781 1679 875 aliquantum
1702 786 1869 858 animum
1888 795 1929 859 et
1948 787 2158 885 confirmat,
2227 815 2234 838 ·
2335 796 2336 809 ¹

285 947 387 1047 qnod
410 906 584 1022 conscius
606 948 695 1020 mihi
723 949 812 1037 sim,
844 935 912 1024 me
927 945 1100 1020 omnibus
1121 945 1263 1023 viribus
1291 937 1325 1022 ἱιιι
1349 947 1384 1021 id
1406 950 1554 1021 enisum
1581 967 1689 1040 esse,
1719 921 1764 1022 ut
1782 945 1888 1024 labor
1908 955 2021 1026 m'eus
2042 972 2158 1046 quam

285 1114 589 1215 perfectissimus*
614 1121 654 1185 et
675 1111 978 1199 absolutissimus
999 1113 1196 1222 evaderet,
1241 1121 1285 1184 et
1309 1113 1411 1208 quod
1440 1104 1703 1188 constituerim
1727 1115 2021 1192 observationes
2049 1136 2156 1191 meas

170 1352 176 1362 ,
285 1283 437 1378 saepius
459 1289 655 1378 repetere,
693 1271 734 1352 et
755 1275 809 1370 id,
844 1277 945 1374 quod
966 1278 1066 1352 sorte
1086 1275 1369 1371 corrigendum,
1408 1275 1618 1352 addendum
1641 1285 1708 1354 aut
1729 1277 2006 1360 emendandum
2030 1285 2157 1362 visum

284 1417 417 1536 fuerit,
447 1463 693 1554 cognoscere.

458 1799 570 1899 Qnod
592 1807 624 1880 si
647 1803 792 1879 fructus
814 1799 944 1896 aliquis
981 1823 1036 1880 ex
1063 1799 1135 1875 hoc
1156 1771 1285 1878 labore
1306 1767 1593 1876 ‘redondaturus
1623 1774 1675 1877 sit
1699 1799 1746 1876 ad
1772 1803 1940 1878 medicae
1974 1807 2156 1882 scientiae

284 1971 495 2062 studiosos,
538 1969 712 2065 gaudium
735 1967 837 2061 quod
858 1989 911 2040 ex
940 1989 984 2065 ea
1006 1991 1050 2040 re
1070 1963 1330 2070 percepturus
1344 1989 1493 2059 essem,
1537 1957 1718 2039 deberem
1739 1967 1843 2058 fidei,
1880 1969 2070 2060 quamde
2090 1989 2154 2040 me

149 2152 154 2164 “
248 2106 507 2256 jreceperant
529 2141 799 2236 praeceptores
820 2136 895 2206 mei
920 2135 1070 2233 optimi,
1102 2143 1142 2208 et
1160 2135 1382 2209 clementiae
1409 2131 1593 2228 Principis
1620 2133 1745 2203 nostri
1772 2133 2025 2223 serenissimi,
2055 2151 2154 2225 quae

281 2303 370 2380 mihi
392 2253 497 2378 dedit·
518 2283 732 2376 facoltatem
763 2255 802 2374 et
824 2309 1055 2398 potestatem
1076 2297 1228 2374 labores
1242 2301 1476 2372 anatomicos
1496 2295 1742 2394 suscipiendi,
1780 2317 1864 2398 pro
1878 2295 2016 2396 quibus
2038 2296 2153 2371 bene·

281 2469 377 2545 ficiis
399 2468 488 2544 dum
507 2468 632 2544 vivam
654 2447 811 2562 gratiam
840 2464 984 2538 habebo
1006 2469 1273 2540 maximamtet
1291 2464 1576 2562 sempiternam.

455 2819 798 2902 Commemoranda
830 2844 918 2898 cum
948 2843 1084 2918 magna
1110 2795 1271 2915 qondam
1296 2817 1407 2894 laude
1436 2841 1543 2893 ame
1574 2823 1638 2892 est
1664 2818 1780 2892 etiam
1820 2813 1991 2892 sollertia
2012 2821 2054 2889 et
2072 2811 2155 2890 dili·
2226 2789 2234 2800 ’

282 2989 407 3087 genna
433 2987 588 3066 artificis
608 2943 693 3064 sciti
714 2997 754 3062 et
773 2987 874 3063 docti
896 2985 1115 3078 Schrtiteri,
1157 2989 1221 3080 qui
1242 2985 1302 3062 his
1322 2983 1510 3076 iconibus,
1547 2982 1723 3058 omnibus
1743 2980 1877 3056 hanam
1898 2975 2030 3056 rerum
2050 2979 2154 3080 peri·

280 3159 348 3250 tis,
378 3153 545 3231 studium
570 3163 611 3229 et
637 3155 833 3232 scientiam
858 3155 1094 3258 suamjartis
1128 3154 1222 3227 satis
1249 3150 1436 3252 probavit.
