4686 5700
281 453 286 458 -
345 397 396 476 So

345 606 500 664 tarsus,
526 573 664 684 ex'qua
685 575 832 678 reliqua
849 574 997 650 interna
1011 597 1097 676 pars
1117 567 1461 675 palpebraausque
1482 537 1685 646 adlimbos
1702 575 1889 650 constat‘
1913 575 2046 676 Quum
2061 579 2224 686 musculi

345 735 486 840 singuli
502 729 601 826 infra
627 727 870 808 describendi
889 745 996 820 sunt,
1020 749 1136 828 nunc
1162 727 1212 804 de
1235 743 1336 826 tarso
1364 747 1568 824 exponam.

1100 1137 1107 1169 .
1159 1093 1161 1104 ’
1207 1049 1245 1164 S·
1299 1088 1360 1162 9¹·

496 1261 540 1330 In
556 1279 713 1360 quoque
726 1273 826 1330 tarso
837 1219 992 1352 salerna
1005 1270 1042 1328 et
1052 1245 1202 1327 interna
1216 1248 1435 1354 superficies
1451 1268 1491 1326 et
1504 1273 1634 1350 margo
1650 1242 1825 1356 sup'erior
1837 1273 1876 1331 et
1888 1252 2047 1332 inferior
2060 1255 2227 1336 discerni

344 1426 481 1513 potest.
535 1405 760 1508 Superfioiss
775 1421 929 1480 externa
938 1407 1108 1480 convexa
1118 1416 1184 1494 em,
1192 1420 1232 1476 et
1241 1400 1540 1504 tenuifirmaque
1563 1399 1639 1474 tela
1653 1401 1837 1480 cellnlosa
1850 1403 1898 1481 ad
1912 1406 2152 1510 superficiem
2168 1415 2226 1484 in·

212 1605 249 1622 ··
345 1551 660 1660 ternampdginae
671 1545 847 1640 externae
859 1559 952 1629 cutis
963 1535 1231 1656 palpebrarum
1241 1549 1465 1628 adnectitur.
1518 1551 2099 1666 darpe1·frciesinternaconrexa,
2117 1561 2226 1636 firma

346 1711 530 1812 brevique
541 1707 615 1785 tela
625 1689 1020 1784 cellulosaurctis'sime
1036 1705 1084 1779 ad
1097 1703 1339 1807 superficiem
1352 1710 1537 1779 internam
1551 1709 1712 1806 paginae
1726 1713 1897 1788 internae
1917 1719 2012 1788 cutis
2025 1712 2229 1817 palpebra-

335 1889 429 1938 rum
446 1861 669 1951 adnectitur,
696 1857 765 1936 sed
776 1863 875 1946 inter
887 1857 987 1968 hauc
1001 1877 1130 1934 cutem
1140 1861 1461 1954 ettarsumjacent
1474 1854 1905 1953 lolliculiMeibomiani‚
1933 1881 2033 1940 tarso
2047 1870 2226 1965 proximi.

494 2153 629 2263 Margo
645 2151 819 2252 superior
835 2150 924 2220 tarsi
938 2145 1145 2250 palpebrae
1158 2149 1362 2247 superioris
1380 2166 1573 2220 convexus
1593 2165 1670 2238 emp
1697 2159 1737 2222 et‘
1753 2151 1792 2220 in
1810 2175 1857 2224 eo
1873 2148 1989 2224 finem
2002 2149 2118 2226 habet
2135 2178 2229 2251 pro-

321 2311 332 2336 ’·
344 2325 469 2380 cessus
494 2304 693 2403 opicranii,
722 2304 784 2374 cui
801 2299 982 2376 adhaeret
1005 2297 1200 2375 musculus
1220 2295 1462 2394 orbicularis,
1498 2323 1615 2402 quem
1641 2303 1824 2402 epicranii
1845 2300 1961 2378 finem
1975 2301 2228 2404 ligamentum
2321 2403 2322 2410 ἵ

333 2433 431 2532 vtarsi
445 2453 599 2560 quidam
619 2445 822 2558 appellant.

495 2727 643 2803 Eodem
660 2725 778 2802 modo
791 2685 873 2800 sese
890 2720 1005 2798 habet
1018 2747 1149 2841 margo
1165 2719 1324 2799 inferior
1343 2729 1432 2796 tarsi
1450 2722 1656 2826 palpebrae
1674 2722 1873 2808 inferioris.

492 2999 625 3097 Margo
639 2993 1009 3098 inferiorpalpebrae
1021 2995 1225 3094 superioris
1240 2996 1281 3065 in
1297 2991 1418 3067 limbo
1435 2991 1642 3095 palpebrae
1657 2996 1760 3087 situs,
1787 2957 1927 3070 lineam
1938 2989 2051 3072 efficit
2063 3013 2223 3090 rectam,

341 3167 379 3224 et
394 3147 514 3222 multo
533 3154 691 3224 crassior
707 3165 778 3238 est,
807 3171 924 3248 quam
938 3147 1123 3246 superior.
1174 3148 1311 3244 Neque
1332 3169 1423 3219 vero
1449 3143 1535 3252 cilia
1553 3149 1594 3220 in
1618 3169 1665 3220 eo
1688 3145 1833 3222 radices
1859 3163 1995 3254 agunt,
2024 3174 2153 3250 neque
2173 3153 2223 3224 iis

316 3289 447 3389 'ilum
466 3317 683 3404 penetrant,
711 3323 810 3404 quae
830 3269 910 3372 erat
932 3300 1120 3372 sententia
1134 3294 1305 3374 thleri.
1358 3299 1441 3396 Ego
1467 3297 1614 3374 radices
1639 3297 1721 3374 illas
1742 3301 1869 3376 inveni
1895 3317 2042 3405 taumm
2062 3305 2105 3376 in
2129 3319 2223 3378 outo

303 3425 446 3530 'umus
471 3451 623 3551 aetas.
715 3536 720 3550 s
1055 3456 1097 3516 x
1198 3513 1205 3548 ,

489 3713 621 3808 Margo
636 3703 840 3807 palpebrae
857 3704 1043 3784 inferioris
1057 3676 1208 3812 penitus
1224 3703 1365 3782 eodem
1386 3703 1506 3786 modo
1533 3733 1576 3784 se
1589 3705 1725 3805 habet‚¹
1757 3733 1802 3785 ac
1816 3735 1946 3814 margo
1964 3705 2123 3792 inferior
2136 3709 2222 3820 pal-
2320 3815 2321 3820 Ἰ

337 3863 479 3967 pebrac
494 3843 716 3962 superioris5
754 3877 915 3962 uterque
934 3865 1036 3938 enim
1052 3859 1254 3964 parallelus
1275 3841 1332 3937 θεῖ’
1350 3859 1469 3936 alteri.
1600 3953 1605 3959 ι
1893 3898 1897 3908 ,
2006 3867 2012 3878 .
2320 3903 2321 3962 r

434 4008 440 4016 .
2005 3979 2008 3990 Ι
2320 3981 2321 4016 1

1733 4153 1741 4188 Ι

1192 4197 1227 4300 §-
1280 4223 1342 4302 92·

484 4381 542 4456 Ex
557 4381 630 4456 lrac
646 4381 904 4488 descriptione
920 4382 1032 4464 facile
1054 4375 1236 4489 cognosci
1261 4407 1390 4491 potest
1408 4386 1535 4492 forma,
1555 4393 1741 4492 cujusque
1759 4393 1856 4513 tarsi.
1909 4392 2099 4506 Margines
2115 4387 2219 4469 'con-

330 4535 416 4612 vexi
433 4537 485 4608 ita
501 4533 710 4628 ducuntur,
737 4557 780 4610 ut
798 4563 921 4640 prope
939 4539 1119 4614 canthum
1145 4505 1396 4642 temporalem
1420 4566 1509 4616 cum
1532 4543 1763 4644 marginibus
1784 4547 1897 4617 rectis
1922 4544 2102 4644 angulum
2124 4550 2217 4622 satis

329 4706 505 4779 acutum,
534 4707 572 4763 et
585 4713 709 4792 prope
727 4689 907 4764 canthum
922 4691 1088 4766 raesulem
1104 4691 1284 4792 angulum
1301 4693 1483 4770 obtusum
1508 4693 1696 4795 effingunt.
1748 4699 1877 4796 Prope
1899 4695 2077 4770 canthum
2099 4701 2220 4772 iuter-

330 4843 527 4914 numtarsi
543 4814 623 4916 riou
638 4840 788 4943 longius
803 4843 1037 4946 procedunt,
1066 4871 1182 4946 quam
1199 4845 1247 4920 ad
1261 4865 1405 4948 puncta
1423 4845 1679 4943 lachrymam
1729 4847 2119 4928 Maximusalinneter
2131 4849 2219 4926 alri-

330 4991 471 5070 melinis
489 4971 646 5069 conficit
661 5013 807 5075 tantum
823 5017 971 5102 partem
988 5018 1163 5104 quartam
1178 4997 1351 5076 danem
1363 4999 1583 5086 latitudiuis.
