4686 5700
325 115 335 148 l

955 169 972 208 Ι

222 305 224 315 '
305 313 392 388 tax

315 461 317 468 ,
465 499 583 571 Vena
590 494 842 600 palpebralis
855 497 987 596 superi
990 475 1221 566 or'etrtema
1236 489 1360 564 oritur
1373 507 1499 590 prope
1511 489 1720 590 marginem
1729 459 1967 592 superiorem
1976 491 2124 574 orbitae
2132 519 2180 569 ex

187 695 190 704 .
306 652 403 729 rena
420 627 620 754 temporali
637 627 848 750 profunda,
876 671 975 748 quae
989 643 1081 718 latet
1098 641 1172 718 sub
1191 639 1367 720 musculo
1389 635 1611 742 temporali,
1638 659 1677 718 et
1697 639 1789 720 inde
1810 667 1835 714 a
1854 642 1995 719 esaiam
2018 647 2185 722 externo

306 805 538 910 producitur
549 808 590 876 ln
606 797 831 904 palpebram
845 801 1095 900 superiorem.

1157 1103 1199 1205 §.1
1252 1104 1337 1206 157.

463 1267 570 1342 Surus
583 1289 857 1362 orummuncus
874 1287 1039 1353 cranous
1051 1263 1158 1358 juxta
1172 1256 1305 1334 sellam
1329 1251 1513 1336 turcicans'
1535 1264 1712 1360 provenit
1733 1285 1758 1336 e
1778 1265 1864 1336 sinu
1886 1285 2119 1356 carentooo,
2143 1279 2186 1338 st

193 1423 196 1430 ’
306 1420 479 1504 limmata
493 1417 643 1494 orbitae
662 1405 902 1520 superiorem
917 1437 1046 1490 vanus
1062 1409 1252 1526 procedit.

466 1729 585 1800 Vena
603 1725 882 1830 ophthalmica
900 1722 1116 1799 cerebralis
1132 1699 1258 1823 prope
1271 1719 1520 1793 insertionem
1535 1720 1699 1794 musculi
1720 1725 1816 1798 recti
1842 1727 1989 1798 externi
2008 1725 2189 1826 provenit

273 1874 277 1882 ¹
309 1907 359 1960 ex
374 1887 459 1958 sinu
481 1877 745 1982 ophthalmico
757 1935 769 1973 ,
795 1900 911 1980 atque
932 1897 1015 1950 tum
1036 1877 1178 1950 sensim
1201 1877 1358 1972 assurgit
1379 1877 1421 1946 in
1442 1839 1731 1950 cavitate‘oculi
1751 1879 1853 1951 intus
1872 1902 2012 1952 versus.
2064 1875 2188 1952 Simul

145 2071 151 2084 .
179 2109 190 2126 Ι
310 2021 487 2116 exoriens'
498 2061 648 2110 ramum
662 2037 750 2108 satis
766 2004 1034 2130 conspicuum,
1059 2013 1197 2100 renam
1217 2019 1505 2120 lachrymam,
1530 2033 1709 2130 porrigit,
1736 2057 1837 2132 quae
1858 2049 1966 2106 extra
1983 2055 2111 2144 versus
2134 2027 2188 2102 ad

310 2191 528 2296 glandulam
542 2185 808 2284 lachrymalem
830 2185 1005 2284 assurgit,
1029 2179 1097 2255 sed
1114 2184 1335 2282 priusquam
1355 2179 1404 2252 ad
1423 2177 1523 2256 hanc
1537 2187 1722 2282 pervenit,
1747 2209 1831 2260 sese
1843 2185 2051 2286 adjungens
2064 2205 2189 2258 rente

309 2345 427 2420 ciliari
439 2346 649 2444 superiori,
676 2337 863 2414 ramtdum
878 2335 1029 2438 ablegat
1046 2351 1303 2408 transeuntem
1324 2331 1532 2408 levatorem
1555 2333 1763 2436 palpebrae
1782 2339 2008 2436 superioris,
2038 2353 2078 2410 et
2097 2359 2189 2436 par·

307 2519 365 2578 tes
387 2503 582 2604 proximas
602 2515 718 2598 atque
739 2492 894 2570 demum
914 2516 1003 2574 cum
1026 2507 1165 2568 trunco
1192 2515 1324 2570 venae,
1343 2485 1625 2590 ophthalmicae
1651 2485 1796 2563 facialis
1825 2493 2058 2566 anastomosi
2089 2511 2185 2564 con·

307 2661 493 2758 junctum.
544 2653 652 2726 quta
669 2644 884 2750 glandulam
897 2643 1167 2740 lachrymalem
1181 2650 1417 2748 superiorem
1432 2647 1473 2716 in
1487 2669 1614 2718 ramos
1627 2641 1756 2746 plures
1775 2643 1987 2736 diducitur,
2013 2669 2184 2750 quorum

310 2839 410 2890 unus
424 2807 485 2886 vel
500 2808 578 2884 duo
595 2801 791 2908 glandulas
806 2817 1072 2904 percurrentes
1090 2825 1135 2876 os
1149 2801 1427 2900 zygomaticum
1441 2813 1594 2900 petunt,
1619 2795 1718 2872 illud
1732 2815 1946 2894 transeunt,
1972 2817 2184 2900 atquetum

313 2993 397 3046 sese
418 2965 627 3066 adjungunt
642 2981 761 3037 venae
774 2953 977 3058 temporali
995 2949 1221 3064 profundae.

460 3279 588 3374 Prope
603 3267 812 3346 trochleam
824 3293 922 3346 rena
934 3217 1359 3369 ophthalmicaramum
1373 3261 1563 3358 extendit,
1590 3269 1657 3370 qui
1673 3265 1853 3344 morsum
1869 3285 1910 3342 st
1928 3287 2036 3344 astru
2053 3295 2190 3350 versu
2252 3235 2258 3240 .

310 3427 505 3512 declinans
519 3421 749 3528 periorbita‘e
763 3421 931 3506 rututdos
946 3419 1126 3524 praebet,
1150 3439 1231 3496 tum
1253 3419 1303 3496 ad
1320 3419 1564 3496 carunculam
1585 3417 1855 3518 lachrymalem
1876 3440 1915 3498 et
1934 3422 2093 3502 ductum
2112 3451 2184 3502 na-

307 3582 423 3660 talem
440 3575 655 3656 universum
671 3576 907 3683 procedens,
932 3572 1054 3657 modo
1075 3571 1279 3680 multiplici
1301 3539 1545 3678 conjungitur
1565 3599 1654 3650 cum
1672 3577 1786 3651 ramis
1804 3599 1924 3652 venae
1946 3573 2090 3658 facialis
2112 3603 2184 3660 an-

307 3737 466 3820 terioris.

465 4043 585 4116 Vena
604 4009 883 4159 ophthalmia
892 4037 1072 4142 facialis
1092 4043 1251 4148 quoquo
1268 4065 1351 4118 non
1368 4037 1488 4143 longe
1508 4039 1557 4118 ab
1577 4059 1665 4118 ortu
1686 4033 1852 4120 musculi
1872 4045 1968 4119 recti
1989 4049 2139 4124 externi
2157 4071 2183 4124 e

309 4195 394 4271 sinu
414 4191 675 4295 ophthalmico
696 4197 892 4294 provenit3
925 4209 966 4268 et
988 4193 1158 4268 extendit
1176 4217 1259 4270 sese
1272 4198 1312 4268 in
1327 4197 1472 4296 pariete
1485 4193 1666 4270 baleriore
1682 4193 1829 4270 orbitae
1842 4199 1961 4298 magis
1978 4217 2084 4274 extra
2096 4222 2183 4275 ver-

306 4372 381 4422 sus.
440 4343 675 4420 Periorbitae
699 4369 826 4420 rarnos
853 4343 981 4446 plures
1002 4349 1190 4446 impertit,
1225 4365 1265 4421 et
1286 4348 1495 4444 conjuncte
1514 4371 1602 4421 cum
1624 4369 1745 4422 venae
1770 4341 2039 4430 infraorbitalis
2064 4353 2182 4430 ramis

302 4495 479 4574 muserdo
496 4493 702 4574 orbiculari
716 4516 755 4574 et
769 4493 979 4604 palpebrae
993 4493 1168 4574 inferiori·
1179 4515 1286 4576 extra
1298 4521 1426 4576 tersus
1439 4497 1607 4575 ramulos
1623 4497 1790 4602 largitur.
