4686 5700
192 410 195 418 ·
316 356 367 444 54

268 511 276 544 ’Ἰ
319 543 427 619 culos
444 493 946 660 carunculaelachrymalis
935 537 1182 642 interpositos
1197 531 1425 632 lubricatur,
1452 537 1561 678 quod
1584 561 1632 628 ep
1652 537 1791 642 largius
1806 539 1868 638 lit,
1896 561 1979 646 quo
1994 548 2191 648 copiosior

319 715 377 771 est
391 719 568 768 numerus
585 719 759 790 vasorum
784 692 1103 794 sangnilerorum,
1131 717 1288 818 quac
1252 692 1302 767 ad
1321 691 1565 794 carunculam
1588 698 1855 798 porriguntur,
1880 715 1924 771 ut
1944 723 1994 774 ex
1999 699 2212 798 'ejusdem

230 879 233 884 ¹
258 845 263 854 ’
319 845 452 966 colore
467 845 584 958 rubro
602 851 785 948 cognosci
797 863 935 950 potest.

379 1223 386 1254 ,
469 1161 669 1234 Praeterea
689 1153 893 1234 caruncula
908 1097 1093 1258 spatium,
1134 1153 1242 1255 quod
1266 1153 1400 1228 clausis
1422 1153 1615 1257 palpebris
1637 1154 1746 1232 limbi
1771 1155 1899 1232 canthi
1921 1158 2057 1234 nasalis
2078 1156 2191 1234 relin-

294 1329 461 1416 uquunt,
489 1309 668 1410 complet.
719 1311 817 1382 Nam
840 1307 997 1381 canthus
1018 1305 1152 1380 nasulis
1166 1333 1246 1380 non
1269 1311 1346 1378 iam
1362 1325 1465 1400 arcte
1480 1307 1606 1382 claudi
1618 1327 1762 1410 potest,
1791 1335 1907 1412 quam
1924 1311 2082 1435 cantbus
2097 1329 2190 1385 tem·

315 1437 469 1564 poralis,
484 1458 707 1534 interclusus
721 1441 963 1534 subronmdis
977 1455 1225 1534 suffarcinatis
1240 1459 1424 1532 ductibus
1438 1429 1648 1562 lachryme
1652 1462 1753 1534 libas
1766 1460 1980 1538 lateralibus
2000 1423 2037 1556 (e
2053 1459 2190 1566 quibua

246 1619 251 1628 '
316 1613 380 1687 hic
392 1612 502 1688 limbi
516 1618 704 1706 constant)
719 1634 932 1714 eorumque
946 1583 1155 1688 insertione
1169 1618 1209 1686 in
1223 1637 1379 1692 saccum
1393 1610 1672 1708 lachrymalem,
1696 1633 1739 1686 ut
1754 1631 1934 1687 vocatur.
1960 1614 2082 1688 lidem
2098 1613 2194 1687 ciliis

319 1783 466 1856 carent,
494 1745 659 1865 quorun's
683 1759 811 1840 tame'n
828 1762 998 1841 desectus
1027 1763 1077 1838 ad
1091 1761 1342 1840 muniendum
1361 1763 1464 1840 hunc
1483 1765 1615 1840 locum
1629 1763 1717 1870 pilis
1741 1765 1916 1841 tenuibus
1935 1771 1977 1842 in
1991 1751 2196 1871 superficie

319 1915 546 1999 carunculae
566 1914 748 2018 expletur.

1165 2219 1202 2320 §.
1260 2183 1343 2320 top.

471 2395 590 2494 Quod
603 2396 708 2470 deest
723 2393 889 2468 firmitati
905 2389 1071 2494 pilorum
1087 2391 1316 2466 carunculae
1338 2390 1386 2464 ad
1402 2388 1653 2465 muniendum
1669 2389 1850 2492 angulum
1867 2391 1971 2466 oculi
1987 2397 2190 2486 internum,

317 2548 359 2624 id
370 2547 568 2650 suppletur
581 2523 823 2634 multitudine
835 2547 919 2620 sebi
934 2549 1086 2634 excreti,
1103 2543 1210 2644 quod
1219 2541 1412 2646 palpebris
1429 2543 1564 2618 clausis
1580 2563 1618 2617 et
1633 2543 1753 2646 quum
1767 2570 1905 2622 somno
1923 2545 2041 2621 dediti
2054 2567 2195 2638 sumus,

162 2687 173 2706 ³
243 2709 253 2736 ¹
320 2697 499 2773 canthum
518 2703 709 2773 internum
731 2697 884 2788 oblinit,
928 2715 972 2768 ut
994 2700 1175 2770 sentimus
1202 2693 1454 2800 expergefacti
1462 2747 1483 2785 „
1505 2694 1606 2770 hanc
1618 2695 1936 2794 trullisationem,
1972 2725 2072 2800 quae
2097 2697 2197 2776 solet

318 2848 560 2928 subarescere
572 2905 583 2946 ,
616 2847 881 2950 abstergentes.
906 2838 909 2847 ’

477 3157 691 3232 Caruncula
707 3161 821 3267 etiam
834 3161 942 3258 quasi
957 3153 1098 3228 vallum
1111 3152 1308 3256 quoddam
1326 3173 1400 3247 est,
1428 3155 1536 3258 quod
1561 3155 1761 3264 lachrymis
1780 3181 1802 3232 e
1822 3155 2025 3261 superficie
2046 3164 2197 3236 interna

322 3307 527 3414 palpebrae
548 3313 752 3426 superioris
774 3304 1024 3386 defluentibus
1048 3305 1190 3402 obstat,
1217 3313 1271 3381 ita
1291 3313 1394 3382 utin
1419 3307 1558 3383 cantho
1582 3313 1755 3404 interno,
1781 3337 1851 3393 seu
1867 3309 1956 3388 lacu
1977 3311 2201 3414 lachrymali
2327 3371 2328 3432 ,

325 3481 629 3557 commorentur,
657 3481 695 3538 et
710 3462 916 3554 collectae,
941 3479 1086 3562 puncta
1103 3459 1346 3557 lachrymalia
1362 3482 1563 3563 penetrare
1583 3467 1748 3564 possint.
1775 3563 1782 3574 ,

476 3772 646 3863 Humor,
671 3793 788 3876 quem
802 3765 966 3852 folliculi
979 3765 1207 3848 carunculae
1222 3783 1433 3848 excernant
1440 3821 1450 3862 ,
1479 3764 1581 3844 lema
1599 3765 1821 3872 appellatur,

1175 4071 1210 4174 ᾗ.
1269 4075 1353 4148 108.

478 4225 723 4332 Apalpebris
750 4225 947 4331 descriptis
967 4243 1118 4306 transeo
1141 4226 1189 4302 ad
1214 4225 1457 4327 explicandas
1484 4193 1610 4330 partes
1633 4253 1714 4324 eas,
1759 4229 1988 4335 quibuscum
2008 4231 2203 4339 palpebr'n

330 4385 550 4480 conjunctio
566 4389 706 4460 arctior
721 4402 794 4476 est,
822 4409 964 4484 organa
976 4409 1116 4487 nempe
1130 4380 1390 4478 lachrymalia,
1418 4409 1518 4486 quae
1533 4401 1708 4459 constant
1723 4409 1745 4459 e
1754 4383 1964 4489 glandulis
1976 4387 2207 4494 lachryme·

311 4537 458 4619 ‘libna
487 4495 868 4642 cumesses-ductibus
882 4537 1041 4644 viisque
1051 4537 1389 4648 'lachrymantes
1413 4539 2023 4646 dacca,nasalt‚longicud1·nali
2049 4564 2089 4625 et
2108 4548 2207 4628 dua

332 4687 436 4778 tibus
453 4693 629 4796 ejusdem
640 4689 890 4770 lateralibus.
