4686 5700
331 403 381 484 58

334 615 373 672 et
390 595 550 694 ⁴micanti
575 583 749 666 offerunt.
804 591 1034 690 Quanquam
1059 587 1166 684 talia',
1195 614 1293 693 quae
1322 589 1477 665 oculum
1491 591 1553 665 'sic
1576 586 1765 680 afficiunt,
1797 613 1877 666 non
1905 613 2067 692 semper.
2085 595 2204 665 careri

326 757 506 850 possunt,
535 763 661 816 tamen
677 740 866 844 provideri
885 762 1033 842 potest,
1061 769 1110 844 pe
1126 743 1219 844 quid
1242 743 1376 830 oculus
1396 743 1613 818 detrimenti
1632 747 1773 844 capiat,
1801 747 1832 815 si
1857 747 2085 816 anteriorem
2104 741 2212 816 bulbi

107 946 112 960 ·
193 937 197 944 ·
332 893 573 998 superficiem
604 893 795 996 palpebris
825 893 1056 996 obtegimus,
1094 894 1201 995 quod
1221 893 1264 968 fit
1287 896 1461 970 musculo
1490 895 1695 969 orbiculari
1723 895 2035 994 et'corrugatore
2063 913 2211 968 contra-

169 1101 173 1108 ·
213 1087 244 1115 κ
331 1047 484 1139 hendis,
521 1047 613 1142 dum
640 1043 785 1120 lavator
806 1043 1011 1146 palpebrae
1037 1051 1241 1147 superioris
1266 1046 1489 1148 palpebram
1514 1051 1752 1149 superiorem
1779 1044 1988 1146 paullisper
2015 1043 2164 1120 attollit.

482 1279 490 1335 l

487 1365 693 1462 Interdum
722 1385 922 1459 diminutio
945 1386 1063 1460 modo
1085 1387 1180 1462 lucis
1203 1392 1344 1462 nimiae
1372 1392 1596 1490 requiritur,
1643 1387 1830 1490 adquam
1856 1385 2098 1462 efficiendam
2126 1391 2214 1462 satit

218 1587 231 1612 ·.
336 1541 411 1635 esti,
439 1539 605 1642 aliquam
624 1556 770 1641 partem
794 1536 1010 1638 superficiei
1032 1543 1231 1613 anterioris
1246 1537 1354 1612 bulbi
1378 1560 1515 1642 tegere.
1563 1539 1831 1614 Contrahimus
1847 1539 2061 1640 paullulum
2079 1545 2215 1613 rimam

335 1693 603 1798 palpebrartun
631 1679 952 1794 perhmusculum
982 1689 1261 1783 orbicularem,
1309 1719 1381 1794 pro
1420 1691 1540 1794 modo
1577 1690 2046 1795 quantulocunqueplucis
2081 1661 2218 1766 admit-

334 1843 482 1984 teudae.

469 2131 640 2255 xSil-est,
673 2181 716 2236 ut
744 2166 784 2268 iu
806 2160 977 2236 diluculo
1008 2163 1154 2236 sivein
1182 2163 1349 2236 tenebris
1380 2186 1601 2256 cernamus,
1634 2165 1729 2238 radii
1758 2165 1882 2258 lucis,
1922 2161 2223 2269 quantum-lieri

306 2293 476 2423 potest,
503 2316 658 2421 plurimi
671 2313 793 2389 oculis
814 2313 1025 2415 recipiendi
1048 2331 1146 2387 sunt.
1209 2317 1312 2386 Tum
1333 2314 1496 2386 musculi
1519 2313 1761 2416 occipitales‚
1796 2314 1979 2395 frontalee
2009 2334 2048 2386 et
2070 2314 2222 2388 lerator

333 2468 553 2574 palpebrae}
565 2465 769 2570 superioris
790 2465 990 2568 palpebras
1011 2464 1127 2566 longe
1138 2457 1296 2565 lateque
1312 2463 1549 2555 distendunt,
1577 2483 1616 2540 et
1631 2468 1814 2566 spatium,
1852 2465 1962 2566 quod
1976 2483 2032 2540 est
2047 2469 2147 2539 inter
2169 2471 2220 2540 ri-

333 2603 578 2711 mamosoli,
611 2623 663 2692 ita
691 2617 945 2719 amplificant,
993 2637 1036 2690 ut
1058 2607 1145 2690 satis
1179 2643 1315 2717 magna
1340 2639 1427 2718 pars
1460 2616 1675 2718 superficiei
1696 2619 1895 2692 anterioris
1912 2615 2031 2724 'bulbi
2048 2615 2222 2718 audaet

334 2771 470 2880 sporta}
482 2761 594 2844 radiis
616 2768 712 2843 lucis
739 2764 999 2840 accidentibus
1027 2782 1167 2866 pateat.
1201 2819 1205 2826 .

433 3080 436 3085 ¹
504 3096 641 3192 Neque
662 3113 752 3164 vero
780 3087 906 3163 solum
932 3085 1216 3161 multitudinem
1237 3089 1433 3161 radiorum
1462 3087 1578 3180 lucis,
1624 3115 1721 3191 quos
1739 3068 1874 3166 oculus
1894 3067 2072 3194 recipiat,
2101 3093 2223 3168 callo·

334 3269 418 3322 mus
443 3268 519 3346 ope
544 3235 812 3345 palpebrarum
833 3244 911 3314 sive
935 3238 1166 3331 diminuere,
1192 3244 1270 3315 sive
1294 3239 1492 3340 adaugere.
1545 3239 1585 3315 si
1606 3242 1718 3316 nobis
1739 3247 1898 3316 omnino
1918 3271 1998 3318 uon
2019 3243 2115 3319 libet
2137 3271 2224 3322 cer·

256 3483 261 3490 ,
334 3423 428 3476 nere
446 3421 544 3488 rem,
573 3377 679 3470 cuius
704 3392 906 3494 adspectus
930 3394 1046 3464 animi
1070 3397 1372 3468 commotionem
1400 3397 1599 3487 excitaret,
1632 3394 1827 3496 palpebris
1851 3397 2068 3497 operiendis
2094 3402 2225 3502 irnpe-

336 3545 630 3640 diremimus,
658 3573 708 3622 ue
733 3569 917 3646 organum
941 3547 1039 3618 visus
1061 3547 1266 3646 imaginem
1292 3549 1348 3620 rei
1368 3549 1543 3647 recipere
1565 3561 1604 3638 et
1623 3545 1672 3618 ad
1691 3571 1845 3621 sensum
1870 3553 1986 3652 animi
2013 3549 2225 3628 transferre

255 3733 265 3748 ,
334 3706 464 3808 possit.
517 3697 618 3773 Illud
632 3697 715 3773 fieri
728 3695 828 3770 solet
836 3699 906 3787 ,si
920 3694 981 3770 vel
992 3721 1172 3770 somnum
1189 3721 1345 3798 capere,
1371 3696 1438 3782 rel,
1449 3699 1674 3800 adspectum
1692 3701 1749 3771 rei
1770 3702 1911 3773 invisae
1931 3705 2068 3797 vitare,
2091 3702 2155 3778 rel
2179 3708 2223 3780 in

336 3857 519 3930 acerrima
554 3869 592 3926 et
627 3852 874 3926 attentissima
914 3845 1171 3950 cogitatione„
1220 3852 1261 3924 in
1293 3843 1558 3949 indignatione
1600 3867 1638 3924 et
1681 3851 1831 3924 tristitia
1861 3812 2042 3955 imagines
2081 3879 2222 3932 rerum

335 4009 526 4098 omnium,
568 4027 667 4106 quae
695 4020 799 4082 extra
824 4018 931 4096 euru,
972 4001 1019 4078 ab
1042 3999 1294 4104 urtelbgeutia
1323 4026 1516 4108 sensuque
1532 4019 1679 4110 ¹troetro
1709 4025 1912 4096 removero
1942 4023 1986 4112 et·
2005 4004 2224 4121 excludere

335 4157 519 4239 volumus.
1012 4139 1019 4149 ’
1139 4165 1143 4172 ’

1167 4505 1226 4612 ’.ξ
1283 4517 1366 4613 169.

1210 4639 1217 4668 l

500 4713 542 4791 si
563 4709 684 4806 octrli,
710 4709 902 4818 palpebris
923 4710 1079 4806 clausis,
1107 4715 1216 4788 omni
1233 4713 1489 4816 perceptione
1510 4733 1550 4794 et
1567 4735 1683 4796 sensu
1712 4713 1907 4808 radionun
1934 4715 2032 4796 lumb
2064 4719 2233 4822 penita·

338 4883 527 4962 carerem,
553 4865 596 4944 id
620 4877 762 4970 magno
784 4865 895 4946 nobis
917 4865 1170 4944 incommodo
1193 4883 1233 4974 et
1252 4867 1483 4948 detrimento
1517 4865 1688 4950 ianuam
1713 4887 1821 4954 esset
1880 4869 1960 4986 Sed
1984 4897 2104 4976 quum
2124 4875 2236 4952 tarsi

1560 5171 1572 5202 ἱ
