4686 5700
1089 691 1092 698 ¹
1159 603 1195 705 5.
1254 601 1338 705 176.

266 797 273 806 ’
306 825 310 836 ’
359 775 362 782 ’
406 893 417 904 ,
445 789 652 910 'Quamvis
678 808 803 884 vultus
829 825 934 884 totus
960 809 1009 882 sit
1033 807 1143 910 quasi
1166 807 1292 906 imago
1321 803 1456 896 animi,
1484 820 1612 878 tamen
1638 819 1762 904 partes
1797 806 1981 908 inprimis¹
2006 821 2186 881 externae

284 1025 297 1072 ·.
311 965 414 1044 oculi
438 964 583 1039 indices
615 981 705 1038 sunt
734 966 923 1035 variarum
956 963 1076 1032 animi
1105 957 1424 1033 commotionum.
1490 959 1550 1030 Ex
1582 959 1665 1057 ipsa
1695 951 1820 1030 forma
1854 949 1893 1031 et
1927 957 2047 1060 figura
2086 962 2189 1032 varia

308 1117 599 1222 superciliorum
624 1119 677 1187 ita
703 1109 884 1212 colligere
910 1109 1098 1200 solemus,
1127 1130 1170 1182 ut
1194 1128 1422 1199 statuamus,
1463 1069 1563 1209 quae
1591 1111 1631 1179 in
1666 1131 1713 1181 eo
1740 1105 1897 1182 homine
1926 1108 2115 1184 collocata
2140 1115 2190 1186 sit

273 1259 281 1270 ”
309 1255 454 1376 naturai
467 1265 608 1341 indolis
636 1284 675 1338 et
699 1267 856 1364 ingenii.
907 1262 1082 1362 Inprimis
1107 1283 1199 1331 vero
1227 1261 1362 1332 rimam
1388 1257 1658 1362 palpebrarum
1684 1285 1761 1332 una
1789 1286 1877 1333 cum
1902 1263 1977 1356 siqu
2000 1281 2039 1334 et
2060 1267 2192 1362 specie

203 1381 230 1448 Ι·
311 1405 413 1496 v'a'rio
441 1419 639 1491 anterioris
667 1414 776 1489 bulbi
802 1409 1017 1512 superficiei
1043 1409 1190 1490 indices
1218 1413 1385 1511 optimos
1410 1407 1596 1486 habemus
1616 1408 1822 1517 affectuum
1841 1431 1879 1488 et
1898 1411 2192 1488 meditationum

312 1575 438 1652 animi.
498 1569 562 1642 Sic
587 1592 675 1641 eum
705 1560 811 1640 cuius
842 1561 1051 1666 palpebrae
1077 1585 1160 1634 non
1187 1565 1274 1635 satis
1307 1539 1471 1658 distant,
1521 1569 1573 1636 ita
1603 1583 1647 1636 ut
1676 1536 1823 1664 exigua·
1840 1590 1926 1666 pars
1957 1566 2068 1666 pulbi
2086 1591 2193 1641 con·

312 1729 408 1828 spici
434 1723 578 1836 possit,
619 1717 718 1790 truci
742 1734 781 1790 at
803 1735 910 1789 torvo
938 1717 1017 1788 sive
1043 1717 1179 1812 ignavo
1208 1732 1247 1786 et
1272 1711 1414 1788 stolido
1445 1721 1622 1800 contuitu
1646 1741 1729 1790 esse
1758 1716 1929 1792 dicimns.
1996 1717 2196 1793 Interdum

294 1854 626 1982 'palpebrae'aatis
657 1868 734 1964 late
760 1867 940 1940 distantes
964 1865 1109 1938 indices
1131 1879 1222 1936 sunt
1241 1867 1384 1962 ingenii
1410 1868 1505 1938 acris
1531 1887 1569 1940 et
1591 1871 1711 1958 acuti,
1749 1870 1869 1967 etiam,
1888 1866 2019 1970 probis
2048 1888 2086 1943 et
2108 1895 2195 1943 cor-

195 1996 227 2034 ’ἱ
307 2030 409 2132 ldatis
432 2023 630 2098 tribuimus
653 2019 802 2092 vultum
828 2032 1002 2116 apertum
1029 2036 1075 2098 ac
1105 2010 1280 2084 liberum.
1354 2013 1477 2103 Sensu
1518 2019 1666 2115 ingrato
1697 2016 1868 2092 afficiunt
1897 2017 2001 2094 oculi
2029 2019 2192 2110 distorti,

316 2185 383 2284 qui
408 2178 649 2278 potissimum
674 2169 923 2272 apparentia
951 2165 1110 2254 insanis,
1149 2160 1315 2254 stolidis,
1349 2182 1388 2237 et
1405 2167 1511 2262 signa
1530 2183 1620 2246 sunt
1639 2168 1879 2262 iracundiae,
1921 2169 2091 2244 horroris
2121 2187 2194 2244 etc.

261 2403 265 2423 ,
313 2309 821 2424 Demissionempalpebrae
835 2319 1066 2422 superioris,
1095 2339 1194 2418 quae
1206 2313 1249 2390 fit
1262 2319 1334 2407 ita,
1360 2333 1404 2388 ut
1418 2313 1553 2392 oculus
1566 2341 1648 2392 non
1662 2317 1871 2412 claudatur,
1898 2322 2036 2412 mentis
2058 2317 2198 2421 culpae

310 2479 529 2592 ,patefactae
559 2477 794 2566 conscientia
814 2473 1022 2564 cruciatae,
1057 2471 1136 2544 sive
1167 2471 1199 2574 si
1219 2465 1334 2544 simul
1361 2491 1404 2542 os
1431 2465 1664 2574 suffunditur
1690 2468 1833 2544 rubore
1855 2468 1982 2546 subito
2012 2489 2053 2546 et
2069 2471 2197 2546 vultus

320 2655 425 2725 certo
454 2627 624 2732 quodam
647 2624 773 2726 modo¹
787 2627 1036 2695 immutantur
1051 2619 1306 2728 uerecundiae
1330 2638 1368 2694 et
1395 2613 1607 2699 modestiae
1629 2582 1921 2722 gradssimaeet
1948 2621 2118 2700 amabilis
2141 2627 2200 2698 in-

320 2789 423 2869 dices
443 2797 630 2884 putamus.

1166 3124 1201 3226 §-
1262 3138 1359 3260 ¹77³
1462 3213 1467 3223 .

315 3387 364 3438 ;,,
475 3331 654 3414 Dicenda
681 3327 808 3406 adhuc
839 3327 1026 3432 quaedam
1045 3345 1134 3404 sunt
1161 3329 1210 3406 de
1238 3353 1375 3429 magna
1401 3329 1457 3418 ti,
1501 3350 1617 3430 quam
1645 3301 1788 3410 habent
1808 3347 1940 3412 sensus
1968 3337 2203 3436 matingo,

327 3495 470 3578 doloris
496 3507 535 3584 et
557 3481 715 3564 affectus
740 3483 906 3561 leniores
934 3486 1184 3586 minoresque
1206 3485 1248 3558 in
1273 3505 1417 3586 organa
1435 3479 1694 3582 ¹lathqu,

433 3805 437 3818 ’
478 3829 625 3911 Effuaio
653 3828 916 3906 vehementior
936 3827 1212 3925 lachrymarum
1230 3849 1300 3930 per
1322 3797 1455 3928 genai,
1484 3833 1769 3936 euiuscaussae
1783 3813 2075 3914 sunteiusmedi
2096 3861 2210 3916 com·

327 3995 518 4072 motiones
541 3981 818 4078 onimi7⁴lletus
845 3999 1012 4059 vocatur.

1177 4337 1214 4444 S·
1274 4343 1355 4442 ῐ78·
1416 4477 1423 4484 ,

484 4551 710 4651 Priusquam
730 4541 840 4620 fletus
868 4543 1053 4646 erumpit,
1076 4566 1196 4644 angor
1216 4541 1373 4646 quidam
1395 4561 1561 4648 occupat
1582 4563 1740 4649 pectus..
1780 4547 2051 4654 Palpitationea
2076 4551 2209 4630 cordis

331 4711 565 4806 interruptae
587 4719 627 4777 et
648 4695 892 4806 perturbatae
915 4713 1006 4772 sunt
1025 4693 1144 4806 modo
1171 4697 1422 4788 incitationes,
1449 4697 1569 4810 modo
1597 4704 1829 4782 remissiores
1852 4707 1924 4799 ita,¹
1956 4723 2001 4812 qt
2021 4731 2102 4808 non
2123 4725 2213 4804 tan-

334 4877 417 4937 tum
440 4856 650 4958 sangtunis,
677 4867 864 4958 quantum
888 4842 1257 4954 receptumfuerat,
1297 4851 1349 4928 'en
1362 4849 1489 4954 corde
1509 4855 1709 4932 emittatur.
1761 4851 1969 4934 Pulmones
1984 4863 2213 4966 quasi‘cou-
