4714 5720
338 359 351 390 s
1453 351 1456 356 ·
1904 288 1908 310 ¹
1977 339 2023 412 ts
2122 421 2126 430 ,

291 493 435 574 Stabile
449 491 730 569 firmamentum
747 503 804 566 est
824 489 965 566 ossium
985 486 1082 566 haee
1097 485 1337 582 membrana,
1364 489 1536 592 inprimis
1550 488 1723 584 illorum,
1750 520 1849 597 quae
1872 469 1960 575 sunt
1981 507 2023 577 in

137 657 284 756 pariete
305 654 456 724 interno
482 645 693 722 admodum
713 646 838 738 tenui,
866 643 934 720 ubi
956 647 1161 722 tenerrimo
1188 647 1265 722 ossi
1287 643 1508 742 lachrymali
1531 666 1569 724 et
1591 645 1819 726 cribrilormi
1834 651 2022 777 ejusmodi

137 802 262 910 tutela¹
272 828 372 906 opus
386 825 469 880 esse
482 797 642 876 videtur.
1667 780 1671 792 ”

998 1055 1032 1158 3.
1088 1055 1150 1132 51.

295 1207 519 1289 Notandum
539 1209 665 1284 adhuc
686 1227 760 1302 est,
787 1206 1036 1312 periorbitam
1055 1212 1170 1282 etiarn
1195 1202 1544 1318 conjunctam'esse
1566 1232 1653 1286 cum
1673 1217 1886 1316 periosteo,
1914 1225 2022 1324 quod
2120 1235 2128 1242 '

135 1368 319 1444 interiora
345 1369 495 1438 narium
524 1389 608 1440 ossa
637 1359 806 1438 obducit.
866 1359 925 1434 Ibi
959 1365 1080 1452 enim,
1122 1359 1189 1434 ubi
1220 1361 1359 1436 canalis
1386 1359 1623 1458 lachryrnulis
1648 1368 1689 1437 in
1720 1365 1843 1446 orbita
1874 1378 2020 1478 incipit,

137 1519 352 1601 firmissime
370 1516 606 1620 applicatum
636 1533 692 1592 est
713 1515 968 1616 perieranium
989 1513 1039 1584 ad
1061 1495 1271 1614 marginem
1290 1505 1500 1590 rotundum
1524 1515 1634 1614 hujus
1657 1519 1815 1615 canalis,
1844 1543 1881 1598 et
1903 1525 2022 1604 fibrae

137 1669 239 1750 illius
256 1695 344 1746 cum
357 1674 551 1778 periosteo
561 1724 572 1770 ,
600 1694 648 1746 ex
659 1670 808 1748 narium
822 1669 982 1744 cavitate
995 1690 1066 1768 per
1081 1661 1520 1774 canalem'asceudeute‚
1548 1675 1853 1755 commiscentur.

779 2052 785 2063 “
859 2099 1095 2218 ΜΡ.
1155 2103 1253 2218 tv·
1349 2153 1354 2164 ·

547 2313 1102 2449 palpebrarum
1153 2351 1610 2456 descriptio.

1006 2553 1043 2724 ς
1098 2625 1158 2700 52.

142 2791 516 2976 Quemadmodum
533 2841 669 2920 cavitas
687 2847 762 2918 oris
776 2841 892 2943 ,labiis
918 2845 1125 2920 mobilibus
1154 2849 1251 2946 tegi,
1280 2845 1407 2922 claudi
1427 2867 1467 2924 et
1490 2849 1627 2950 aperiri
1649 2865 1794 2952 potest3
1821 2817 1884 2928 ita
1908 2817 2022 2933 simili

140 2997 221 3074 fere
244 2995 362 3071 modo
383 3000 536 3112 utrique
558 3000 726 3088 caritati,
756 2995 1033 3098 quae-oculum
1055 2993 1245 3092 continet,
1287 2997 1363 3072 dua
1391 3019 1481 3075 sunt
1501 3000 1811 3100 membranacea,
1839 3008 2023 3114 cartilagi-
2044 3061 2080 3082 .-

141 3176 237 3228 nosa
250 3168 484 3252 tegumenta,
513 3131 611 3251 quae
620 3149 848 3251 pobebrae
862 3167 1056 3224 vocantur.
1170 3201 1172 3209 Α

298 3575 477 3656 Officium
499 3573 769 3680 palpebrarum
789 3569 870 3650 non
896 3599 944 3651 eo
972 3595 1119 3650 tantum
1141 3567 1373 3668 continetur,
1401 3595 1444 3652 ut
1466 3577 1715 3674 dormientes,
1743 3587 1821 3659 sive
1839 3587 2018 3687 periculis

141 3731 393 3823 minantibus,
428 3736 507 3806 sive
528 3735 559 3805 si
583 3729 704 3804 oculis
726 3728 775 3802 ad
800 3727 1032 3802 cernendum
1059 3731 1142 3803 non
1169 3752 1384 3829 egeremus,
1421 3737 1650 3808 anteriorem
1676 3734 1783 3808 bulbi
1806 3757 1954 3838 partem
1974 3745 2021 3816 iis

143 3889 296 3986 operire
318 3865 539 3987 possimus,
564 3907 697 3956 verum
726 3885 767 3956 in
790 3907 878 3957 eum
892 3881 1064 3984 {quoque
1090 3907 1203 3955 usum
1236 3880 1390 3972 adsunt,
1424 3900 1467 3954 ut
1488 3882 1650 3959 bulbum
1673 3885 1918 3985 humoribus,
1954 3899 2021 3994 qui

145 4035 310 4114 tuendae
326 4042 417 4130 eiet
431 4033 633 4135 mobilitati
650 4039 727 4133 ejus
743 4035 1011 4114 sustentandae
1026 4034 1203 4110 destinari
1217 4051 1324 4127 sunt,
1349 4033 1545 4136 inungant.

177 4551 180 4566 Ι
295 4463 408 4534 Hanc
422 4461 535 4560 igitur
549 4453 599 4532 ob
616 4481 786 4534 caussam
801 4453 986 4562 palpebra
1000 4475 1162 4560 utraque
1181 4461 1365 4536 instructa
1379 4473 1436 4534 est
1458 4453 1696 4562 cartilagine,
1723 4487 1822 4567 quae
1839 4473 2024 4568 segmenti

144 4611 328 4714 sphaerae
342 4610 505 4687 sormam
518 4609 653 4704 habet,
690 4631 729 4686 et
755 4609 853 4688 basis
873 4609 1080 4714 palpebrae
1101 4629 1175 4704 est,
1203 4611 1501 4687 membranaceis
1523 4613 1827 4718 musculosisque
1853 4619 2022 4718 partibus

141 4769 304 4854 intecta,
330 4789 381 4839 ne
406 4763 668 4868 complicetur.
721 4765 859 4864 Neque
880 4762 1005 4838 solum
1026 4763 1195 4844 fontibus
1216 4763 1510 4860 lachrymarum,
1537 4767 1606 4841 sed
1631 4771 1698 4843 viis
1726 4775 1857 4862 etiarn,
1886 4767 2023 4874 quibus

144 4941 276 5012 earum
292 4917 579 5001 abundantiam
594 4941 703 4996 nares
722 4900 942 5011 deducitur,
970 4943 1058 4993 cum
1081 4917 1274 5021 palpebris
1294 4919 1515 5018 conjunctio
1541 4889 1607 4993 est.

1150 5075 1181 5148 G
1209 5097 1232 5146 a
