4686 5700
276 455 398 528 ²60'

243 633 247 646 '
308 617 399 725 las,
427 650 465 708 et
486 629 558 702 alia
582 631 660 702 eius
683 627 833 726 generis
851 619 1008 698 fortuim
1034 621 1250 698 accidentia
1263 643 1467 716 noceatur,
1490 643 1533 698 ut
1547 619 1673 716 inira,
1688 624 1756 705 ubi
1774 625 1823 701 de
1843 625 2073 729 superciliis,
2100 625 2195 702 ciliis

161 839 191 868 „
303 781 579 886 atspalpebris
598 777 892 879 ueirponebatur,
928 795 1102 852 notatum
1134 790 1199 850 ost.
1282 819 1285 828 =
1987 811 1992 822 ·
2199 799 2255 870 ¹2

495 1097 705 1206 Supe‘rcilia
739 1125 786 1178 eo
813 1091 904 1176 loco
927 1089 1180 1202 potiremur,
1208 1102 1262 1171 'ut
1291 1095 1444 1174 obstent
1476 1119 1514 1174 et
1535 1102 1766 1203 impediant,
1793 1125 1843 1177 ne
1861 1097 1966 1205 'quid
1983 1085 2142 1192 ‚deatdit
2162 1119 2204 1176 et

317 1241 491 1333 lbulbum
516 1254 663 1348 laedar,
697 1271 736 1328 et
767 1271 811 1328 ut
836 1251 1017 1329 sudorem
1043 1251 1093 1327 de
1118 1249 1245 1327 stonte
1262 1248 1502 1346 ¹defluentem
1524 1251 1570 1326 ab
1594 1253 1715 1329 oculis
1735 1243 1974 1356 ad't‘empor'a
1994 1252 2208 1355 ramusse-

334 1411 484 1486 ducant.

495 1716 698 1820 Palpebras
724 1707 902 1790 claudere
929 1713 1114 1804 solemus,
1149 1716 1182 1788 si
1209 1712 1320 1788 nobis
1347 1715 1546 1788 imminere
1565 1729 1742 1816 putamus
1765 1715 1949 1817 pericula.
2003 1713 2151 1816 Siquis
2171 1737 2206 1785 r.

333 1898 367 1948 c.
395 1853 465 1947 nos
493 1863 708 1980 pulsaturus
733 1867 891 1942 ridetur.

489 2211 647 2287 Cilia'et
668 2204 722 2280 in¹
736 2227 872 2281 somno
884 2199 934 2276 'et
957 2217 1061 2272 extra
1087 2222 1265 2272 somnum
1280 2225 1353 2280 nos
1369 2183 1576 2280 admonere
1599 2225 1637 2280 et
1652 2193 1802 2282 muiire
1833 2203 1974 2286 contra'
1989 2210 2066 2280 vim
2080 2229 2215 2278 rerum

335 2386 574 2443 externarum
600 2357 874 2446 accidentium,
909 2377 1007 2458 quae
1029 2350 1150 2427 oculis
1173 2363 1319 2426 nocere
1336 2357 1503 2452 possint,
1532 2380 1647 2458 supra
1669 2354 1718 2453 (5.
1752 2360 1849 2454 167.)
1876 2354 2022 2428 dictum
2046 2373 2112 2429 est
2161 2358 2216 2452 ,1¹1

334 2520 476 2594 somnis
499 2509 636 2586 bulbus
668 2496 907 2609 operimento
929 2503 1198 2608 palpebrarum
1216 2508 1496 2608 satismunintr
1517 2525 1652 2581 contra
1679 2505 1892 2608 pulverem,
1907 2504 2143 2588 incidentem
2172 2523 2215 2580 et

336 2667 410 2740 alie
441 2669 520 2738 eius
548 2663 705 2764 generis.

490 2973 531 3050 Si
554 2957 928 3076 cupimtts'somnum
954 2987 1107 3067 capere,
1136 2961 1322 3040 afficimur
1343 2991 1458 3041 sensu
1476 2966 1842 3042 siceitatis'adnatae
1859 2967 2044 3068 singulari
2057 2988 2097 3048 et
2111 2967 2221 3046 lassi-

337 3125 431 3204 tudo
455 3124 724 3227 palpebrarum
745 3122 915 3222 inprimis
944 3113 1104 3193 iortasse
1127 3115 1302 3190 levatoris
1324 3117 1532 3219 palpebrae
1557 3123 1761 3220 superioris
1794 3117 2010 3194 incredibili
2041 3119 2217 3224 quodam

338 3282 509 3382 appetitu
534 3279 666 3350 invitat
686 3273 735 3348 ad
756 3269 988 3346 demittenda
1015 3272 1293 3368 integumenta,
1337 3269 1475 3372 quibus
1504 3267 1628 3364 oculi,
1680 3297 1800 3372 quum
1823 3275 1868 3346 iis
1898 3273 1954 3377 ad*
1977 3273 2217 3355 cernendum
2283 3319 2286 3326 ·

338 3453 659 3535 nonmegeremus,
693 3447 874 3532 tanquam
901 3419 1062 3497 involuti
1086 3426 1296 3523 quieseant,

1685 3680 1705 3712 ρ

1189 3801 1224 3902 §.
1284 3829 1367 3903 172.

363 4119 367 4136 Ι
506 3993 568 4086 id
589 4007 830 4111 superficiem
863 4003 967 4080 oculi
987 4025 1139 4104 semper
1151 4001 1367 4096 humidam,
1394 3999 1656 4106 splendidam,
1684 4001 1829 4079 laevem
1843 3979 2107 4110 lubricamque
2123 4029 2223 4084 con-

343 4159 564 4262 servandam
582 4159 762 4236 humores
786 4162 878 4232 varii
898 4155 1045 4232 adstutt.
1075 4155 1197 4232 -vasa
1219 4155 1432 4230 exhalantia
1458 4158 1610 4228 tunicae
1634 4153 1793 4230 adnatae
1814 4161 1999 4232 continuo
2021 4137 2223 4260 vaporem,

295 4333 303 4342 “
343 4321 420 4392 sire
444 4311 565 4395 levem
590 4291 782 4416 quendam
801 4333 983 4411 teporem
1000 4311 1206 4410 exspirant,
1242 4327 1357 4408 atque
1383 4307 1481 4382 adeo
1501 4331 1572 4407 per
1590 4331 1708 4409 poros
1739 4291 2010 4384 minutissimos
2040 4337 2225 4422 corneae,

345 4473 413 4572 qui
436 4482 684 4567 conspectum
702 4460 869 4562 lugiunt,
894 4459 1036 4539 humor
1065 4449 1221 4560 quidam
1245 4485 1293 4533 ex
1315 4457 1419 4534 oculi
1444 4455 1647 4560 superficie
1669 4483 1876 4560 evaporare
1898 4461 2047 4536 dicitur.
2114 4467 2227 4540 Tum

259 4601 268 4612 ’
343 4625 427 4694 sine
464 4617 743 4692 intermissione
789 4611 868 4686 ulla
911 4637 957 4688 ex
990 4609 1166 4686 ductibus
1200 4567 1463 4712 glandulaium
1496 4607 1781 4704 lachrymalium
1813 4609 1954 4686 humor
1971 4577 2228 4712 'taomymans

344 4764 524 4860 destillat,
550 4763 715 4841 folliculi
738 4787 895 4867 quoque
917 4761 1167 4840 Meibomiani
1183 4763 1376 4866 liquorem
1396 4787 1506 4836 suum
1531 4760 1705 4854 oleosum
1722 4769 2011 4864 smegmaticum
2032 4773 2229 4844 emittunt.

342 4925 421 5022 Qui
447 4917 603 5025 quidem
626 4915 806 4996 humores
836 4941 969 5012 omnes
999 4937 1111 4998 motu
1142 4913 1414 5022 palpebrarum
1442 4937 1566 5021 super¹
1597 4913 1761 4992 bulbum
1791 4901 2074 5018 dtffmduntur‘,
2114 4945 2232 5000 com·
