4686 5700
431 487 472 570 Si
488 493 573 598 plus
589 490 740 568 lucisiu
757 486 912 567 oculum
929 485 1128 564 admittere
1153 467 1350 588 volumus,
1376 500 1419 557 ut
1439 505 1472 558 r.
1491 506 1522 558 c.
1547 485 1588 559 in
1611 485 1838 590 crepusculo
1863 491 2000 566 aeriter
2024 515 2155 568 cerna·
2179 483 2185 494 ”

276 671 379 740 mus,
415 652 527 722 etiam
552 651 593 720 in
616 645 774 738 laetitia,
809 643 1077 732 admiratione,
1112 659 1288 742 stupore,
1316 637 1477 712 horrore
1498 656 1537 712 et
1563 659 1773 742 quaesunt
1802 643 1971 742 ejusdem
1993 650 2153 748 generis,

276 799 473 892 superClllss
497 797 696 878 clausimus,
722 797 763 858 id
787 794 894 882 quod
909 791 952 852 fit
967 819 1032 881 per
1055 791 1272 852 rriusculum
1287 789 1499 852 frurrtulurtt.

434 1027 474 1103 Si
488 1026 556 1101 lux
571 1023 732 1102 offendit
752 1019 927 1114 oculum,
956 1040 1020 1094 aut
1031 1023 1065 1098 si
1082 1022 1322 1122 cogitationi,
1350 1019 1615 1122 indignationi,
1642 1040 1680 1098 et
1693 1028 1862 1099 moerori
1880 1024 2000 1102 dediti
2015 1053 2155 1120 sumus,

274 1181 503 1258 'deducimus
519 1159 721 1280 supercilia
735 1187 805 1277 per‘
820 1173 1036 1278 musculum
1054 1171 1307 1246 orbicularem
1321 1171 1602 1274 palpebrarum.
1721 1207 1725 1214 ·

428 1425 473 1494 In
495 1413 634 1492 affectu
664 1422 812 1518 ingrato
835 1419 933 1507 irae,
970 1429 1204 1504 contemtus,
1238 1412 1319 1488 odii
1343 1429 1413 1493 etc.
1442 1411 1700 1488 contrahimus
1725 1417 1927 1522 supercilia
1957 1422 2157 1520 utriusque

276 1572 401 1648 lateris
425 1569 610 1674 'canthum
632 1575 825 1644 internum
843 1593 981 1646 versus.
1043 1567 1088 1643 Id
1113 1565 1221 1672 quod
1247 1565 1290 1642 fir
1317 1591 1388 1668 per
1410 1565 1628 1642 musculum
1650 1591 1935 1672 corrugatorem
1959 1575 2159 1674 utriusque

278 1723 484 1828 supercilii.

347 2009 350 2019 .
431 1949 580 2020 Horum
595 1931 857 2020 musculorum
870 1957 1057 2016 structura
1070 1933 1227 2042 inferius
1244 1957 1424 2014 accurate
1437 1935 1685 2015 describetur.

308 2185 328 2208 ··
376 2145 379 2151 ’
433 2162 644 2262 Supercilia
659 2185 746 2260 eum
762 2159 932 2259 inprimis
949 2162 989 2231 in
1002 2155 1118 2233 finem
1142 2155 1292 2250 adesse,
1319 2151 1363 2231 ut
1379 2156 1535 2232 oculum
1551 2152 1758 2248 defendant
1774 2182 1796 2230 a
1813 2155 1956 2233 sudore
1973 2155 2021 2232 de
2036 2155 2167 2232 fronte

279 2314 486 2404 defluente,
516 2337 682 2412 eumque
696 2335 766 2412 per
783 2329 955 2416 tempora
971 2309 1175 2406 deducant,
1203 2309 1244 2386 id
1260 2327 1297 2386 et
1310 2335 1425 2413 supra
1438 2311 1513 2408 jam
1527 2309 1619 2402 dixi,
1648 2312 1817 2412 quamvis
1832 2335 1881 2386 ex
1897 2307 2170 2413 formasuper·'

285 2469 462 2574 ciliorum
478 2491 548 2572 per
562 2489 603 2540 se
620 2481 758 2570 pateat.

2181 2577 2187 2586 ι

432 2929 703 3032 Palpebrarum
714 2928 887 3004 universa
902 2928 1071 3002 extensio
1083 2944 1121 3002 et
1135 2923 1259 3000 lorma
1273 2930 1417 3028 integra
1431 2928 1576 3028 optime
1585 2927 1910 3028 cognoscipotest
1921 2943 2015 3020 tum,
2044 2951 2164 3031 quum

281 3081 433 3164 clausae
451 3101 550 3156 sunt.

319 3372 349 3418 ,·
384 3417 390 3425 ,
431 3319 572 3397 Eanrm
587 3321 764 3394 circuitus
781 3315 871 3390 inde
896 3300 919 3390 a
943 3317 1174 3418 marginibus
1204 3319 1351 3394 orbitae
1372 3341 1495 3418 usque
1521 3314 1569 3389 ad
1594 3317 1759 3392 mediam
1781 3319 2012 3394 anteriorem
2032 3347 2164 3424 super-

271 3474 407 3555 ‘ficiem
422 3471 532 3548 bulbi
548 3471 652 3548 oculi
667 3469 913 3574 producitur,
937 3467 1007 3584 *ubi
1018 3468 1204 3574 palpebra
1222 3475 1397 3574 superior
1412 3470 1459 3544 ab
1472 3467 1655 3547 inferiore
1671 3471 2162 3602 separaturrima'obliqua,

282 3623 519 3704 horizonral'u

1141 3929 1178 4034 s.
1241 3935 1300 4018 st.

438 4123 483 4195 In
498 4134 659 4220 utraque
674 4120 788 4220 igitur
801 4117 985 4223 palpebra
1002 4120 1212 4224 spectanda
1229 4140 1286 4198 est
1307 4119 1526 4224 superficies
1545 4125 1695 4196 interna
1712 4138 1751 4196 et
1771 4140 1946 4215 externa,
1973 4145 2104 4226 margo
2127 4143 2167 4200 et

287 4273 433 4376 anguli,
455 4273 497 4344 in
519 4296 685 4373 quorum
707 4291 815 4374 parte
841 4293 999 4353 externe
1026 4292 1066 4352 et
1087 4279 1236 4350 interna
1265 4278 1452 4378 margines
1481 4279 1748 4378 unirucunque
1766 4274 1977 4379 palpebrae
1999 4280 2100 4356 inter
2125 4303 2169 4356 se

289 4429 584 4526 conjunguntur.

1148 4733 1183 4837 ς.
1247 4735 1309 4814 ss.

442 4905 667 5009 superficies
682 4905 951 5012 palpebrarum
968 4907 1020 4982 ad
1034 4905 1196 5026 sormam
1211 4907 1339 5004 bulbi,
1366 4933 1482 5014 quem
1502 4911 1755 5008 circumdant,
1784 4935 1997 4992 curuantur.
