4714 5720
1120 435 1125 466 Ι

998 543 1221 646 ,smair

343 709 484 825 Remus
495 721 656 824 iniimus
680 767 718 823 et
738 751 893 824 intimus
915 751 1010 823 rami
1032 747 1296 851 ophthalmici
1300 755 1406 851 paris·
1425 753 1562 852 quinti
1571 769 1634 825 est·
1651 761 1788 826 ramur
1810 751 1993 843 maelis,
2009 733 2078 852 qti

182 886 214 978 'a
233 859 430 978 lormnine
443 891 645 990 rotundo'
634 905 842 1003 rn'cipiens‚
877 907 1060 1004 parietem
1078 907 1271 975 internum
1294 906 1468 976 caritatis*
1477 904 1588 977 oculi
1608 915 1735 978 versus
1764 891 1975 1005 procurrit,
2009 900 2077 974 uti

190 1083 260 1160 per
282 1057 463 1130 laminam
489 1048 769 1157 cribriformem
798 1059 890 1129 ossis
916 1053 1126 1130 ethmoidei
1148 1052 1369 1128 caritatibus
1394 1059 1474 1128 nasi
1497 1059 1656 1130 internis
1674 1054 1799 1130 rarr'ros
1823 1059 1959 1145 mittit,
1975 1072 2076 1126 tarn
2189 1070 2194 1086 ¹

191 1233 282 1284 vero
300 1206 511 1281 trochleam
527 1229 655 1278 versus
672 1204 870 1305 procedit,
898 1225 936 1278 et
949 1205 1020 1278 sub
1035 1205 1108 1278 bac
1126 1209 1167 1277 in
1188 1229 1312 1306 ramos
1335 1204 1431 1280 duos
1451 1205 1588 1282 divisus
1616 1175 1675 1278 ex*
1688 1204 1812 1279 orbita
1827 1211 1931 1298 ¹ertit,
1958 1205 2076 1307 quam

195 1357 246 1451 ob
270 1386 352 1434 rem
373 1360 428 1435 ibi
442 1376 601 1432 vocatur
616 1354 927 1453 infruorbr'tab's.
979 1360 1119 1432 Remus
1143 1359 1222 1454 ejus
1244 1360 1419 1460 superior
1441 1361 1698 1434 anastomosin
1719 1353 1832 1432 efficit
1857 1337 2074 1430 cum‘ramo

141 1498 151 1515 ’
188 1509 363 1600 fr·ontali;
397 1533 525 1582 ramus
548 1505 707 1582 inferior
731 1512 772 1580 in
792 1507 933 1607 angulo
962 1507 1065 1581 oculi
1092 1513 1244 1600 interno
1269 1505 1488 1598 descendit,
1516 1528 1554 1581 et
1581 1533 1696 1610 super
1716 1509 1923 1610 ligamento
1944 1507 2075 1609 palpe-

187 1661 286 1738 brali
313 1667 464 1738 interno
497 1657 670 1736 sruculos
696 1658 846 1760 aliquos
862 1657 1068 1760 ³dispendit
1099 1664 1140 1732 in
1173 1658 1389 1735 musculum
1409 1655 1671 1750 [orbicularem
1701 1685 1824 1761 usque
1856 1661 1904 1734 ad
1932 1657 2075 1734 fronta-

188 1815 267 1892 lem
292 1782 509 1890 musculum
520 1811 763 1916 productos,
790 1816 831 1900 in
846 1811 1104 1916 ’cameriam
1130 1817 1224 1890 item
1252 1809 1523 1906 lachrymalem
1550 1829 1588 1888 et
1616 1811 1774 1887 ductum
1803 1808 2072 1908 lachrymalem

188 1966 367 2059 rualem,

1047 2479 1084 2585 ἕ.
1143 2482 1226 2562 165,

340 2801 495 2878 llantur
517 2799 752 2914 maxillaris
772 2804 954 2906 superior·
974 2809 1085 2882 naris
1108 2809 1243 2908 quinti
1264 2811 1447 2884 transiens
1482 2803 1657 2890 foramen
1680 2803 1915 2902 rotundum,
1956 2809 2072 2914 intrat

190 2955 363 3032 fusuram
380 2951 777 3056 sphenomaxillarem,
806 2955 955 3032 ethanc
972 2957 1188 3060 ingrediens
1204 2986 1351 3032 ramum
1368 2960 1529 3061 ablegat,
1558 2967 1624 3064 qui
1637 2963 1906 3036 subcutaneus
1922 2939 2064 3032 malae

189 3109 413 3213 appellatur.
467 3108 663 3208 Procurrit
677 3111 718 3180 in
734 3113 881 3210 pariete
896 3129 1055 3186 externo
1084 3112 1234 3188 orbitae
1253 3073 1418 3186 anterius
1442 3139 1589 3206 versus,
1618 3133 1655 3190 et
1678 3141 1765 3189 curn
1786 3139 1904 3189 nervo
1924 3111 2068 3217 lactur-

189 3259 281 3336 mali
297 3263 557 3336 anastomosin
574 3257 760 3354 efficiens,
786 3287 858 3363 per
872 3260 1046 3339 foramen
1054 3263 1249 3364 singulare
1264 3268 1357 3340 ossis
1371 3270 1597 3366 zygomatici
1619 3254 1735 3340 intrat
1757 3263 1896 3341 fossam
1922 3283 2069 3364 tempo·

186 3411 326 3504 relem,
352 3417 394 3487 in
412 3437 488 3514 qua
504 3379 723 3541 adnectitur
740 3412 790 3488 ad
804 3437 963 3494 nervum
978 3417 1231 3519 temporalem
1241 3416 1497 3522 profundum,
1524 3437 1564 3496 et
1578 3417 1752 3496 surculos
1775 3417 1924 3521 dispart
1939 3421 1971 3492 it
1988 3443 2070 3491 mu-

185 3566 297 3646 sculo
306 3540 520 3666 ,orbiculari
531 3565 814 3668 palpebrarum.

344 3997 509 4072 Remum
526 3992 710 4090 majorem
724 3993 887 4097 porrigit
903 4017 1028 4076 ramus
1044 3991 1247 4072 maxillaris
1262 3997 1437 4100 superior
1450 3999 1552 4102 paris
1566 3998 1690 4102 quinti
1704 3999 1744 4072 in
1768 3995 1940 4074 canalem
1954 3995 2068 4070 infra·

192 4147 406 4240 orbitalem,
435 4151 501 4249 qui
516 4151 556 4219 in
571 4149 716 4246 pariete
732 4117 886 4222 interno
906 4147 1055 4252 orbitae
1069 4148 1230 4224 ducitur.
1282 4153 1356 4226 Per
1372 4151 1542 4226 canalem
1563 4151 1667 4226 hunc
1695 4177 1783 4226 curn
1804 4155 1939 4226 arteria
1952 4147 2065 4223 iufra-

192 4304 346 4386 orbitali
365 4301 600 4396 corijuncrim
617 4324 638 4374 e
653 4297 843 4376 foramine
859 4297 1109 4376 infraorbitali
1127 4326 1314 4400 egressus,
1340 4307 1379 4378 in
1396 4327 1521 4378 ramos
1537 4305 1663 4406 plures
1683 4302 1938 4403 dispanditur,
1966 4327 2063 4404 quo·

190 4481 277 4540 rum
295 4458 361 4531 hic
383 4451 744 4550 commemorandus
766 4471 823 4526 est
844 4452 947 4532 aolus
969 4477 1116 4527 nervus
1133 4454 1385 4556 palpebralis
1407 4457 1602 4556 inferior,
1637 4475 1680 4530 ut
1703 4455 1923 4556 appellatur.
1989 4457 2065 4528 Hic

162 4683 167 4690 ,
190 4615 400 4712 marginem
414 4602 635 4682 inferiorern
650 4607 797 4684 orbitae
811 4631 937 4681 versus
953 4610 1130 4706 assurgit,
1158 4626 1273 4710 atque
1291 4607 1382 4680 dum
1399 4607 1580 4684 dividitur
1592 4611 1632 4681 in
1648 4573 1808 4680 ramum
1823 4610 2064 4679 exteriorem

193 4787 234 4844 et
255 4765 501 4875 interiorem.
580 4761 734 4834 Romus
758 4766 935 4838 exterior
954 4758 1183 4862 producitur
1206 4759 1386 4834 canthum
1411 4779 1608 4837 externum
1634 4783 1760 4834 versus
1787 4763 1827 4830 in
1849 4757 2063 4833 musculum

167 4880 462 5026 palpebrarum
476 4911 730 4992 orbicularem
743 4912 936 5028 usquead
957 4931 1098 4988 tarsum
1116 4913 1326 5018 palpebrae
1339 4911 1538 4992 inferioris.
1590 4913 1743 4988 flamus
1762 4911 1935 5012 inferlm·
1948 4935 2063 5010 ³¹¹3ss-
