4686 5700
69 3465 80 3498 l

1030 471 1066 576 §.
1122 471 1205 553 155.

334 627 441 705 vam
465 617 680 737 mortuns
679 647 859 706 tamma
876 628 955 704 sive
977 617 1109 732 oitgol
1108 635 1191 702 aris
1211 627 1284 706 sub
1298 629 1437 732 angulo
1452 631 1627 710 maxillae
1643 631 1832 714 inferioris
1837 647 2052 744 conjuncta

166 787 237 858 est
252 803 341 855 cum
358 781 638 879 vertasocr'ali
647 787 878 884 posteriori,
905 779 977 872 ibi,
1005 781 1109 856 ubie
1128 799 1264 862 trunco
1283 809 1417 858 oenoe
1428 788 1636 888 juguleris
1655 794 1844 868 internae
1864 805 2049 897 provenit
2099 795 2115 808 ⁹

175 933 280 1025 Tum
303 952 457 1007 curvata
479 937 638 1034 assurgit
661 960 749 1010 cum
773 937 909 1009 arteria
930 933 1116 1007 maxillari
1139 955 1313 1028 externa,
1347 957 1385 1012 et
1405 939 1647 1040 potissimum
1668 945 1708 1015 in
1730 945 1908 1021 cantho
1897 969 2050 1026 mterno

175 1083 281 1160 oculi
301 1099 384 1162 sese
408 1077 580 1164 exlendit
606 1113 724 1190 super
756 1085 1004 1199 ligamentum
1031 1087 1254 1192 palpebrale
1281 1093 1491 1184 internum,
1525 1090 1658 1194 ibique
1691 1099 1794 1171 venis
1825 1101 1941 1180 oculi¹
1957 1128 2050 1180 con·

168 1240 386 1341 aaa
1878 1243 1883 1253 ’

314 1461 453 1560 ¹Varro
473 1460 775 1559 infroorbitalis
796 1464 916 1536 oritur
930 1463 971 1534 in
993 1478 1100 1562 parte
1121 1463 1334 1560 posteriore
1349 1459 1504 1540 fissurae
1527 1440 1878 1566 sphenomaxillaris
1901 1417 2047 1550 orbitae
2086 1529 2095 1540 ι
2142 1543 2146 1556 ,

171 1637 316 1691 eramo
332 1609 527 1715 profundo
545 1618 689 1708 trunci,
717 1632 756 1691 et
774 1591 1032 1716 perforamen
1054 1609 1315 1690 infraorbitale
1337 1637 1485 1716 egressa
1502 1615 1668 1706 ramulos
1692 1623 1807 1694 mittit
1829 1621 1877 1695 ad
1896 1629 2047 1706 musouss

166 1761 249 1840 lum
265 1763 529 1841 orbicularem.
562 1845 564 1855 ,
674 1761 682 1776 ’

327 2011 445 2087 Vena
457 2009 708 2112 palpebrolz's
724 2027 892 2127 erterna
909 2003 1083 2104 inferior·
1100 2023 1184 2082 orta
1202 2031 1223 2080 e
1246 2023 1416 2100 trunco,¹
1430 2005 1496 2081 ubi
1516 2007 1580 2114 ille
1603 2011 2035 2117 musculo‘zygomatico

167 2167 306 2254 minori
324 2163 531 2264 obtegitur,
558 2165 663 2260 juxta
679 2160 857 2234 canthum
879 2178 1078 2234 externum
1099 2159 1334 2261 procedens,
1368 2160 1460 2236 inde
1486 2189 1528 2236 se
1555 2161 1725 2238 extendit
1751 2168 1792 2237 in
1814 2165 2036 2272 palpebram
2075 2263 2076 2268 Ἰ
2121 2189 2124 2200 ’

170 2315 382 2428 inferiorem
393 2361 414 2412 ‚·
430 2337 467 2392 et
479 2339 564 2391 sese
584 2313 755 2414 adjungit
771 2312 968 2400 advenam
984 2309 1236 2412 temporalem
1255 2307 1496 2414 profundam.
1550 2355 1554 2370 ·

325 2581 443 2651 Vena
462 2573 696 2678 palpebra!
680 2598 713 2648 rs
732 2577 897 2644 interna
924 2569 1119 2666 informor
1146 2593 1262 2671 super
1284 2559 1493 2676 insertione
1519 2567 1694 2646 leratoris
1720 2569 1810 2646 labii
1831 2579 2038 2682 superioris

162 2732 309 2836 proprii
328 2703 493 2832 exsurgit
514 2753 561 2800 ex
577 2744 732 2814 trunco,
761 2740 799 2796 et
814 2719 1019 2794 canthum'
1009 2739 1202 2795 internum
1218 2741 1345 2797 versus
1365 2721 1600 2798 adscendens
1614 2749 1697 2800 sese
1716 2725 1910 2799 extendit'
1900 2753 1940 2800 m
1956 2725 2036 2830 pal·

162 2881 322 2988 pebram
336 2879 567 2954 inferiorem.

321 3107 440 3182 Vener
452 3099 702 3206 palpebralis
712 3105 876 3173 interna
891 3097 1072 3201 superior
1086 3122 1200 3200 super
1213 3095 1513 3176 canthointerno
1525 3101 1710 3202 originem
1724 3123 1747 3174 a
1762 3116 1897 3180 trunco
1915 3102 2031 3200 ducit,

159 3236 745 3366 etmpstpetramauparioram
764 3251 929 3327 ramtdos
945 3251 1130 3342 extendit.
1161 3245 1218 3336 .,’
1251 3277 1259 3342 ;
1300 3284 1305 3318 ι
1370 3311 1374 3322 .

317 3479 759 3584 Veno'supraorbitolis
774 3495 858 3552 orta
876 3501 990 3579 super
1006 3468 1135 3552 radice
1157 3459 1239 3548 rasi
1258 3495 1373 3577 super
1388 3467 1660 3572 conjunctione
1680 3480 1803 3550 trunci
1826 3499 1914 3552 cum
1933 3485 2031 3554 rena'

157 3619 434 3746 ophthalmioa,
473 3615 565 3710 sese'
588 3609 900 3732 extenditsdper
924 3611 1090 3704 mediam
1125 3619 1229 3704 oculi
1258 3631 1475 3719 cavitatem,
1508 3625 1722 3729 procedens
1739 3625 1792 3700 'ii1
1813 3613 2027 3705 musculum
2044 3660 2058 3735 2

156 3793 413 3874 orbicularem
430 3785 700 3890 palpebrarum
721 3803 759 3858 et
781 3759 1066 3884 corrogatorem
1086 3779 1288 3883 supercilii.
1339 3783 1414 3854 Per
1435 3779 1600 3853 ramtdos
1625 3779 1764 3852 multos
1788 3785 2028 3884 conjungitur

156 3974 247 4052 oum
261 3970 358 4020 vena
375 3939 549 4050 frontali,
576 3965 672 4015 vena
689 3935 892 4040 temporali
908 3931 1138 4036 superficiali
1164 3951 1202 4008 et
1223 3935 1327 4006 venis
1350 3931 1561 4019 dorsalibus
1586 3935 1677 4004 nasi.
1730 3935 1891 4006 Pramum
1912 3940 2028 4009 susci·
2127 3995 2140 4004 .

156 4108 213 4203 pit
227 4067 347 4172 venae
369 4068 588 4198 temporalis
608 4087 843 4194 profundae',
871 4109 970 4191 quae
990 4090 1073 4190 ipsa
1092 4109 1190 4164 vena
1206 4083 1307 4160 hanc
1327 4087 1441 4164 etiam
1463 4087 1662 4188 conjungit
1683 4107 1771 4160 oum
1791 4109 1886 4160 vena
1902 4083 2027 4161 faciali
2085 4125 2086 4130 =

153 4253 368 4356 posteriori.
445 4253 447 4258 ’

996 4462 1032 4566 §.
1088 4461 1172 4540 156.

303 4629 410 4705 Vaut
423 4645 576 4703 ructans
594 4641 790 4695 rosmaroa
803 4615 849 4694 ab
870 4617 1008 4720 angulo
1024 4615 1200 4692 maxillae
1210 4609 1409 4707 inferioris,
1437 4603 1608 4686 ublcum
1625 4609 1735 4685 initio
1751 4631 1869 4686 venae
1881 4603 2022 4686 facialis
2099 4605 2103 4624 ³

151 4781 350 4856 anterioris
370 4781 667 4876 conjuncturam,
694 4775 853 4872 assurgit
869 4775 910 4848 in
924 4758 1033 4874 parte
1049 4771 1147 4843 auris
1164 4763 1369 4858 anteriore,
1399 4784 1437 4841 et
1459 4784 1542 4839 sese
1567 4761 1736 4849 extendit
1757 4787 1872 4862 super
1893 4783 2023 4836 arcum

146 4935 425 5038 zygomaticum
438 4928 591 5005 ramtdis
609 4925 749 5020 multis,
777 4927 877 5002 mter
884 4947 982 5028 quos
995 4925 1150 5026 insignis
1168 4937 1225 4996 est
1241 4941 1339 4992 vena
1346 4913 1573 5034 temporalis
1590 4907 1790 5015 profturda

1192 5059 1228 5136 G
1253 5082 1278 5134 a
