4708 5700
315 383 359 443 1,ss

191 605 193 616 .
309 541 522 648 paullulum
540 540 718 616 deorsum
734 534 958 631 iniissurarn
972 537 1191 618 inferiorem
1206 541 1365 656 orbitae.
1417 543 1596 620 Planities
1609 540 1788 622 'nrterior
1808 545 1887 648 ejus
1911 549 2061 653 acljacat
2084 585 2191 662 pona

307 695 699 810 laminam'orbitaleru
713 699 806 769 ossis
821 691 961 776 manu.
979 701 1185 800 superior,
1218 697 1396 798 planities
1407 691 1567 775 interior
1576 701 1782 814 conjuncta
1798 721 1855 780 est
1864 707 1961 780 ‘cum
1971 708 2188 811 labyrintho

186 923 188 932 ,
311 847 638 950 ossis-etlrmoidei.
723 923 734 954 f

526 1159 539 1176 .
1169 1051 1206 1156 §-
1250 1046 1322 1136 .25ss
1354 1119 1357 1124 -

468 1210 521 1284 Os
535 1209 788 1310 lachrymale
809 1205 917 1310 fingit
938 1221 1089 1312 partem
1103 1214 1332 1286 anteriorem
1351 1213 1506 1312 parietis
1533 1171 1673 1288 inierni
1696 1209 1859 1292 orbitae:
1879 1220 2000 1296 'crista
2021 1221 2191 1326 longitu-

253 1451 257 1470 .
312 1331 445 1438 amalis
464 1365 566 1444 enirn
582 1361 926 1457 ossislachrymalis
942 1388 1012 1464 per
1031 1362 1268 1446 harmoniam
1285 1363 1373 1440 cum
1390 1381 1574 1465 processu
1594 1364 1713 1440 nasali
1735 1371 1827 1444 ossis
1851 1372 2053 1449 maxillaris
2076 1401 2189 1478 supe·-

310 1519 420 1612 riaris
458 1486 710 1613 conjungitur.
776 1517 1001 1592 Extremitas
1038 1519 1214 1619 superior
1246 1514 1418 1616 ejusdem
1448 1520 1542 1592 ossis
1572 1514 1752 1613 lachrym.
1785 1524 2067 1624 conglutinatur
2100 1553 2190 1607 cum

309 1691 492 1770 processu
509 1661 659 1740 orbitali
682 1670 833 1743 interno
856 1673 948 1744 ossis
971 1665 1116 1743 frontis.
1167 1672 1393 1746 Extremitas
1412 1672 1615 1772 posterior,
1643 1693 1732 1746 cum
1747 1680 1985 1758 extremitate
1997 1685 2190 1760 anteriore

309 1809 473 1896 laminae
482 1843 719 1922 papyraceae
735 1823 828 1895 ossis
849 1817 1060 1896 ethmoidei
1078 1822 1283 1918 conjuncta
1301 1840 1367 1898 est.

1163 2021 1201 2124 s·
1255 2027 1318 2100 26-
1413 2072 1417 2080 .
1577 2113 1581 2118 ,
1924 2124 1929 2132 ,
2103 2125 2107 2132 ,

460 2175 716 2281 Receptacula
735 2175 937 2253 oculorum
952 2198 1034 2251 non
1054 2169 1158 2248 hunc
1174 2172 1301 2250 solum
1316 2178 1357 2252 in
1372 2171 1489 2250 finem
1503 2167 1652 2270 adsunt,
1679 2198 1723 2252 ut
1737 2181 1941 2257 inserviant
1954 2179 2081 2260 bulbis
2094 2191 2191 2262 reci·
2292 2241 2299 2250 -

305 2332 475 2439 piendis,
500 2357 633 2438 verum
655 2334 767 2408 etiam
791 2333 847 2406 ita
867 2307 1093 2406 ¹constructa
1122 2345 1327 2430 apparent,
1355 2345 1398 2401 ut
1421 2307 1567 2428 partes,
1601 2327 1831 2432 quibuscum
1858 2337 2064 2430 conjuncta
2086 2355 2189 2434 sunt,

217 2443 227 2523 ‘¹
305 2490 454 2563 munire
475 2505 514 2562 et
532 2483 757 2560 confirmare
771 2483 928 2584 possint.
982 2475 1208 2570 Glandulae,
1234 2479 1409 2572 masculi,
1436 2485 1606 2572 arteriae,
1638 2507 1759 2557 venae
1775 2500 1820 2582 et
1831 2489 1951 2576 nervi,
1976 2485 2188 2587 palpebrae

305 2642 403 2718 adeo
419 2643 526 2740 ipsae
541 2663 630 2711 cum
648 2633 816 2737 partibus
834 2633 989 2708 annexis
1008 2637 1123 2708 situm
1140 2635 1375 2750 aptissimum
1396 2651 1434 2707 et
1458 2605 1647 2732 optirnum
1667 2637 1707 2705 in
1725 2631 1799 2708 hec
1821 2634 2188 2738 cavitatelobtinent.

307 2793 417 2888 Quae
435 2786 589 2890 quidem
605 2788 815 2888 positiones
829 2787 1025 2888 partium,
1039 2801 1082 2856 ut
1099 2807 1146 2856 eo
1164 2779 1311 2858 facilius
1324 2787 1624 2886 perspiciantur,
1651 2787 1864 2860 accuratius
1882 2785 2188 2870 considerandas

175 2921 181 2932 ¹
305 2959 393 3021 surr
408 2941 656 3034 eminentiae,
682 2935 834 3032 foveae,
861 2933 1010 3013 canales
1026 2954 1065 3014 et
1078 2933 1235 3012 fissurae
1249 2935 1360 3036 hujus
1374 2935 1609 3040 receptaculi
1628 2933 1808 3038 singulae.
2168 2910 2173 2916 Ι

1160 3173 1196 3279 S.
1220 3233 1223 3240 .
1250 3205 1311 3278 27.

459 3339 505 3412 In
515 3327 654 3434 angulo
669 3331 866 3433 superiore
877 3329 1028 3406 interno
1042 3331 1193 3432 parietis
1207 3323 1477 3432 superioris'ab
1496 3331 1686 3408 anteriore
1700 3345 1809 3433 parte
1823 3333 1992 3428 insanae,
2021 3357 2188 3441 exparte

309 3485 457 3566 orbitali
475 3489 568 3560 ossis
581 3481 716 3558 frontis
730 3508 847 3585 parva
860 3482 996 3590 obnisa
1008 3486 1128 3586 spine,
1157 3507 1257 3585 quae
1284 3481 1667 3584 spina.t·rochlears's
1688 3479 1920 3605 appellatur,
1948 3491 2109 3584 eminet,
2136 3491 2190 3568 ad

191 3641 195 3648 ’
308 3667 423 3744 quam
440 3637 611 3716 trochlea
625 3634 868 3740 cartilaginea
881 3633 1044 3716 musculi
1059 3633 1280 3714 cochlearis
1299 3635 1447 3712 adnexa
1462 3655 1527 3714 est.
1580 3637 1702 3742 Hujus
1720 3641 1855 3742 spinae
1875 3637 1967 3720 loco
1991 3641 2187 3722 interdum

308 3787 595 3870 adestfovcola.
1631 3786 1636 3795 '

1188 4057 1198 4078 .
1249 3997 1312 4080 28³

456 4147 502 4225 In
517 4147 656 4250 angrrlo
671 4147 867 4253 superiore
885 4168 1041 4246 externo
1058 3987 1211 4257 parieiis
1226 4151 1432 4259 superioris
1454 4149 1630 4248 ineunte,
1657 4147 1714 4230 illi
1734 4131 1816 4232 fere
1840 4177 1864 4230 e
1880 4155 2057 4256 regione,
2083 4157 2187 4258 parti

307 4299 458 4380 orbitali
481 4306 572 4378 ossis
592 4299 725 4378 frontis
746 4305 845 4406 inest
868 4301 997 4398 lorea,
1025 4331 1124 4409 quae
1138 4326 1287 4410 partem
1309 4311 1548 4410 superiorem
1575 4305 1780 4408 glandulae
1800 4305 2038 4404 uchrymalis
2059 4311 2187 4384 muni·

304 4459 424 4534 menti
437 4457 687 4560 tegminisque
703 4480 833 4533 caussa
849 4457 1077 4552 circumdat,
1104 4486 1220 4564 quam
1234 4461 1286 4536 ob
1301 4462 1523 4560 remfovea'
1541 4459 1803 4564 lachrymals's
1817 4457 2043 4564 appellatur.

1158 4667 1194 4783 ἓ.
1247 4705 1308 4781 29.

456 4831 501 4902 Iu
511 4827 639 4905 media
654 4831 804 4906 circiter
818 4851 926 4934 parte
940 4834 1118 4936 marginis
1133 4835 1341 4938 superioris
1355 4833 1511 4918 orbitae
1518 4829 1706 4928 foramen,
1734 4827 1844 4938 quod
1858 4829 2050 4910 interdum
2063 4833 2187 4912 modo

302 4981 491 5059 incisurae
509 4979 686 5112 figuram-¹
690 4978 824 5079 habet,
856 4989 899 5062 in
921 5011 1007 5064 osse
1023 4984 1160 5064 sronns
1190 5005 1315 5092 patet,
1350 4985 1460 5092 quod
1477 4987 1682 5088 foramen
1707 4984 2009 5095 suppaorbi'tale
2031 5009 2188 5110 vocant,
