4686 5700
307 432 357 506 62

308 613 370 707 fit,
396 628 440 688 ιιι
452 594 610 716 opinor,
638 617 671 687 si
693 609 900 736 palpebrae
920 609 1100 692 musculis
1124 612 1329 692 orbiculari
1343 633 1381 692 et
1402 609 1649 722 corm'ga'tore
1663 625 1898 704 coniunctim
1912 633 2189 740 adiuvantibus,

308 765 566 844 vehementius
589 785 627 840 et
659 769 797 840 arctius
823 772 1138 868 comprimuntur.
1190 774 1296 846 Dum
1316 771 1356 852 hi
1378 773 1541 848 musculi
1565 775 1775 876 'palpebras
1798 781 2042 874 vehementer
2073 821 2190 898 angu„

307 915 387 991 lum
411 917 515 992 oculi
536 922 727 992 internum
751 890 877 993 versus
902 920 1150 1013 contrahunt,
1185 941 1318 1000 saccus
1342 923 1609 1020 lachrymab's,‘
1636 932 1804 1029 opinor,
1827 923 2186 1043 poros-biculflmm,

307 1073 375 1170 qui
401 1070 450 1144 ad
471 1097 559 1148 eum
582 1095 749 1148 annexus
766 1089 841 1161 est,
869 1076 922 1147 ita
943 1098 1092 1148 sursum
1114 1072 1228 1168 trahi,
1264 1081 1305 1150 in
1326 1096 1527 1178 angustum
1542 1077 1725 1190 concludi
1740 1101 1779 1159 et
1798 1107 1846 1160 eo
1862 1091 1983 1168 modo
2000 1099 2186 1177 exinaniri
2232 1187 2237 1196 ,

304 1239 441 1322 pmmt
630 1313 634 1328 ,
1229 1299 1232 1306 ,
1599 1307 1606 1314 .
1838 1239 1921 1324 ,“.

377 1496 379 1507 ¹
454 1491 657 1608 Interdum¹
672 1531 785 1616 etiam
804 1527 960 1602 ductum
984 1527 1300 1633 longitudinalem
1325 1532 1449 1636 digitis
1471 1541 1769 1640 comprimimus,
1789 1571 1823 1619 ι.
1841 1571 1873 1620 c.
1897 1565 2186 1636 sternutamenti

269 1679 533 1786 prohibendi
561 1705 701 1754 caussa.
756 1683 859 1754 Τιιιιι
878 1707 1013 1808 pressu
1039 1689 1211 1784 cogimus
1236 1687 1436 1814 strangulo
1464 1690 1597 1765 oculi
1586 1713 1744 1826 interno
1762 1695 1963 1776 humorem
1976 1705 2185 1805 lachryma

300 1830 377 1907 lem
399 1835 591 1935 copiosius
616 1835 656 1906 in
671 1857 799 1926 nares,
829 1859 907 1946 quo
931 1831 990 1926 fit,
1018 1855 1061 1908 ut
1082 1838 1343 1916 membranam
1362 1847 1594 1946 pituitariam
1618 1815 1747 1950 irriget
1765 1870 1890 1956 atque
1916 1859 1972 1930 sic
1980 1863 2184 1964 impetum

300 1987 581 2066 sternutationis
600 1981 754 2096 frangat
783 2002 821 2058 et
840 1988 1060 2092 supprimat

1140 2309 1180 2416 5·
1241 2322 1323 2414 ιιι

447 2451 623 2561 Spatium
643 2415 921 2561 temporis,
872 2459 979 2564 quod
995 2422 1218 2557 intercedit,
1244 2465 1335 2544 dum
1353 2463 1567 2569 palpebras
1568 2437 1771 2549 celerrima
1790 2474 2006 2555 claudimus
2028 2499 2067 2560 et
2091 2511 2181 2591 ape-

297 2615 431 2700 rimus,
457 2611 680 2704 humorum,
709 2617 877 2712 quisunt
893 2617 932 2684 in
949 2614 1065 2687 oculo
1091 2613 1432 2716 dispergendorum
1455 2640 1492 2694 et
1513 2621 1827 2700 deducendorum
1844 2655 1999 2724 caussa,
2010 2639 2179 2740 appella-

296 2787 379 2836 mus
393 2779 653 2852 momentum,
682 2786 781 2860 qnae
801 2747 958 2884 quidem
981 2783 1177 2837 momenta
1199 2767 1250 2842 ob
1270 2791 1418 2840 caussas
1444 2769 1562 2844 dictas
1583 2772 1681 2885 fiunt
1695 2783 1762 2847 sua
1780 2801 1921 2878 sponte
1937 2803 1974 2856 et
1991 2786 2097 2862 nulla
2112 2793 2179 2866 ad-

295 2913 415 2992 hibita
438 2938 538 2988 cura.
592 2907 655 2987 Ob
677 2911 910 2988 celeritatem
935 2939 1138 3010 summam,
1168 2944 1243 3019 qua
1257 2883 1372 3012 fiunt,
1404 2921 1635 2998 uocabulum
1656 2934 1842 3002 momenti
1866 2935 1980 3008 etiam
2003 2949 2177 3046 usurpari

297 3047 448 3174 coepit,
477 3063 525 3138 de
547 3065 799 3136 minutissimo
821 3071 1003 3168 temporis
1025 3071 1161 3170 spatio.
1214 3071 1375 3167 {Praeter
1395 3073 1596 3152 utilitatem
1622 3088 1917 3182 momentorum}
1938 3085 2080 3166 dictam
2110 3095 2178 3172 ba-

295 3214 389 3290 bent
410 3211 567 3288 fortasse
590 3219 703 3290 etiam
724 3213 801 3287 hoc
824 3216 1092 3310 commodum,
1126 3237 1171 3291 ut
1192 3217 1375 3318 efficiant,
1413 3250 1463 3300 ne
1483 3223 1628 3304 lavator
1646 3229 1853 3336 palpebrae
1874 3243 2087 3340 superioris'
2102 3278 2176 3354 per

168 3460 177 3480 ἱ
297 3383 416 3442 totam
437 3365 539 3440 diem
554 3363 752 3476 adstrictus
777 3385 969 3458 teneatur,
997 3395 1086 3441 nam
1108 3375 1218 3446 toties
1236 3373 1441 3470 relaxatur,
1469 3384 1620 3480 quoties
1637 3384 1828 3464 musculus
1846 3387 2071 3476 orbicularis
2091 3403 2174 3505 pal.

294 3517 498 3624 pebramm
529 3513 825 3604 claudendas-um
855 3543 987 3600 caussa
1008 3545 1090 3596 sese
1114 3507 1314 3604 contrahit

445 3834 499 3921 13,
526 3833 567 3902 in
585 3825 672 3930 'quo
697 3852 767 3930 per
795 3827 1055 3904 breuissimum
1079 3839 1260 3936 temporis
1285 3840 1449 3938 spatium
1475 3841 1640 3946 plurima
1667 3870 1861 3928 momenta
1892 3857 2105 3940 alternatim
2133 3891 2173 3947 et

296 3975 634 4070 teterrimarum,
669 3983 874 4056 connitere
903 3981 1052 4058 dicitur.
1115 3989 1373 4064 Connivemus
1402 4013 1468 4066 aut
1492 3997 1647 4098 quando
1670 3999 1940 4102 aliquid·inter
1967 4015 2171 4118 palpebras

293 4131 490 4224 inciderit,
526 4130 632 4233 quod
655 4155 836 4209 corneam
863 4132 992 4230 fricet,
1035 4157 1100 4212 aut
1130 4144 1171 4214 in
1193 4147 1302 4220 variis
1326 4150 1661 4248 ‘commouombus
1690 4159 1807 4266 animi
1836 4157 2171 4271 autaegritudine

297 4287 492 4390 corporis,
522 4302 585 4358 aut
607 4285 893 4362 consuetudine.
918 4299 929 4314 “

1056 4599 1168 4706 5.
1227 4637 1240 4681 ι
1276 4607 1310 4686 5

459 4747 621 4846 Quoties
650 4751 782 4824 tunica
802 4749 940 4824 adnata
961 4750 1141 4851 allicitur,
1184 4637 1474 4865 qualicunque
1465 4759 1594 4844 modo
1621 4769 1662 4846 id
1690 4768 1773 4868 fiat,
1814 4727 2014 4864 bumoles
2021 4781 2166 4894 lo'clrry

289 4893 406 4978 malas
407 4903 637 5004 copiosius
652 4898 1044 5009 diffunduntursuper
1059 4907 1239 5006 bulbum,
1260 4913 1453 5020 sirnulque
1466 4922 1662 5000 musculus
1684 4911 1907 5011 orbicularis
1933 4943 2010 5042 agit
2023 4923 2168 5052 palpe-
