4686 5700
1034 623 1079 658 ‚N
1160 517 1338 646 §.stlta
1421 533 1425 542 ⁸

476 697 646 780 Arteria
660 691 891 773 maxillaris
903 700 1068 771 interna
1082 722 1152 799 per
1163 695 1335 774 foramen
1344 700 1542 798 spinosum
1555 667 1717 800 porrigit
1723 682 1922 778 arteriam
1929 677 2197 800 manippum.

311 854 515 937 mediam,
544 879 642 957 quae
655 850 847 928 interdurn
862 847 1029 922 ramulos
1045 876 1115 950 per
1137 849 1236 922 alam
1260 875 1434 949 magnam
1455 854 1548 923 ossis
1573 819 1802 951 sphenoidei
1828 850 1878 926 ad
1901 850 2118 953 glandulam
2139 849 2190 924 la·

315 1007 543 1108 chrymalem
558 1003 747 1098 extendit,
775 1007 842 1106 qui
858 1027 938 1076 non
952 1027 1038 1076 raro
1053 1001 1127 1092 soli
1142 1002 1318 1076 arteriam
1334 979 1604 1097 la'chrymalem
1620 1001 1797 1079 efficitmt

468 1229 541 1300 Per
557 1217 745 1300 orificium
759 1225 948 1322 posterius
968 1219 1108 1294 canalis
1121 1189 1326 1294 *maxillaris
1346 1227 1506 1330 pertigit
1521 1227 1657 1300 arteria
1672 1210 1874 1298 maxillaris
1896 1228 2047 1300 interna
2068 1249 2190 1296 ramu-

266 1391 282 1416 .
312 1382 420 1480 lum,
440 1381 641 1452 arteriam
652 1361 791 1478 nempe
807 1373 1150 1496 inficiorbitalent.
1209 1375 1354 1466 Eadem
1377 1401 1449 1481 per
1468 1375 1639 1450 fissuram
1659 1375 2189 1490 epipennrppxillaremuarios

271 1577 275 1582 ·
312 1531 479 1606 ramulos
495 1533 659 1600 minutos
674 1495 714 1598 in
728 1522 1000 1624 pinguedinem
1016 1543 1054 1598 et
1072 1505 1307 1624 periosteum
1324 1527 1489 1618 orbitae,
1518 1527 1645 1630 adque
1667 1527 1765 1604 adeo
1787 1528 1980 1605 interdum
1997 1554 2120 1630 usque
2141 1527 2190 1600 ad

314 1680 530 1786 glandulam
555 1673 823 1770 lachrymalem
839 1673 1008 1748 extendit
1023 1680 1094 1765 ita,
1122 1695 1165 1750 ut
1178 1637 1303 1752 videm
1315 1699 1399 1776 agat
1415 1685 1573 1755 arteriae
1587 1677 1835 1773 lachrymalis.
1895 1685 1939 1752 In
1962 1685 2111 1753 interna
2132 1679 2191 1753 fis-

313 1825 741 1936 surn'sphenotnaxillari
755 1825 947 1940 interdum
962 1825 1128 1900 ramulus
1143 1827 1340 1928 singularis
1362 1834 1520 1902 arteriae
1534 1827 1802 1928 infraprbitalis
1809 1833 2010 1960 procedit,
2037 1835 2103 1931 qni
2112 1853 2193 1906 non

313 1983 439 2060 solum
457 1977 687 2082 periorbitae
701 2001 826 2049 ramos
841 1975 1013 2070 largitur,
1042 1997 1173 2043 verum
1188 1978 1302 2044 etiarn
1325 1977 1367 2044 in
1391 1979 1552 2047 circuitu
1572 1978 1746 2053 inferiori
1768 1951 1916 2056 orbitae
1938 2007 2008 2080 per
2034 1980 2192 2081 superst-

315 2159 414 2209 crem
424 2136 615 2206 internam
631 2122 793 2196 musculi
813 2118 1036 2194 orbicularis
1050 2119 1320 2222 palpebrarum
1345 2148 1472 2198 ramos
1497 2121 1693 2222 diffundit,
1735 2150 1775 2206 et
1799 2157 1888 2254 curn
1908 2130 2191 2206 rarnificationi-

311 2285 383 2360 but
398 2251 554 2356 arteriae
566 2271 846 2380 ophthalmicae
862 2291 1120 2350 anastomoses
1135 2279 1222 2351 satis
1239 2299 1392 2376 magnas
1413 2273 1564 2376 effingit

1164 2585 1537 2688 §.'149.·'1
1737 2585 1925 2641 :,.

464 2737 633 2813 'sir-teria
650 2755 881 2810 transversa
889 2737 1036 2834 faciei.
1089 2736 1184 2811 Inde
1199 2737 1338 2810 abarcu
1352 2739 1588 2834 zygometic'o
1607 2741 1772 2812 anterius
1788 2763 1915 2818 versut
1931 2741 2126 2844 procedit3
2155 2762 2205 2818 ett

314 2918 438 2978 ramos
457 2887 679 2964 extenditin
696 2905 841 3016 partem
865 2905 1059 3006 externam
1084 2885 1247 2960 musculi
1265 2885 1486 2960 orbicularis
1503 2887 1840 3021 palpebrarum,
1829 2919 1869 2963 ur
1891 2918 1969 3022 quo
1993 2919 2078 2970 sese
2101 2923 2192 2972 con·

278 3077 280 3084 ·
314 3049 433 3148 jungit
454 3069 542 3115 eum
557 3059 692 3112 arteria
707 3037 927 3140 temporali
954 3045 993 3114 in
1014 3037 1113 3113 fossa
1129 3039 1313 3112 maxillam
1329 3057 1455 3114 autem
1471 3063 1558 3113 cum
1572 3045 1706 3113 arteria
1721 3038 1981 3116 miraorbrtah
2081 3057 2085 3066 '

1161 3310 1197 3410 ς.
1256 3315 1338 3390 150.

469 3467 638 3542 Arteria
667 3465 899 3566 temporalis
919 3465 1143 3574 profitnda.
1202 3449 1281 3538 sub
1304 3463 1478 3540 musculo
1502 3465 1703 3566 temporali
1717 3465 1916 3567 procedit,
1946 3488 1984 3543 et
1996 3475 2188 3578 periosteo

314 3603 480 3696 ramulos
501 3615 677 3718 praebet,
716 3619 780 3716 qui
810 3641 930 3714 nsque
954 3612 1003 3686 ad
1026 3613 1206 3688 canthum
1229 3615 1334 3690 oculi
1358 3636 1556 3690 externum
1582 3615 1847 3692 extenduntur.
1926 3623 2122 3697 Interdum
2145 3651 2189 3702 ex

316 3767 674 3890 nnmtomnsibus,
667 3791 759 3866 quas
782 3769 851 3837 init
873 3791 960 3840 eum
982 3771 1093 3840 ramis
1121 3772 1279 3843 arteriae
1304 3788 1559 3843 transversae
1572 3769 1733 3870 faciei,
1768 3775 1925 3848 arteriae
1945 3793 2087 3854 tarseae
2105 3803 2188 3936 pro

315 3929 480 4001 veniunt.

1162 4211 1197 4314 S.
1255 4215 1338 4292 151.

482 4361 649 4436 Arteria
669 4359 917 4462 optltnlnu'ca
936 4381 1019 4438 ortn
1033 4389 1080 4439 ex
1097 4367 1269 4440 carotide
1286 4366 1467 4472 cerebrnli
1478 4399 1499 4462 ,’
1515 4372 1554 4442 in
1570 4371 1703 4471 vagina
1716 4373 1820 4448 nervi
1837 4374 1975 4474 optici,
2012 4399 2127 4476 quant
2142 4371 2189 4449 ef·

298 4507 455 4614 ,fnrmat
475 4511 568 4586 dura
577 4529 712 4604 mater,
740 4539 815 4586 una
833 4538 919 4586 cum
935 4541 1050 4590 nervo
1069 4523 1201 4620 optico
1219 4526 1401 4596 transiens
1419 4515 1593 4596 foramen
1607 4526 1798 4624 opticum,
1825 4528 1865 4598 in
1880 4519 2042 4600 orbitam
2059 4551 2190 4628 proce·

263 4638 291 4697 ¹
319 4669 384 4742 dit.
437 4665 493 4740 lbi
509 4688 592 4738 sese
607 4661 773 4764 adplicat
790 4663 838 4736 ad
857 4660 953 4738 lutus
964 4682 1168 4742 ‘externum
1184 4676 1289 4746 ne'rvi
1306 4677 1443 4773 optici,
1473 4648 2189 4754 etdividiturintermusculumrectum

317 4822 553 4924 superiorem
573 4835 609 4888 et
627 4813 840 4890 musculum
858 4837 1002 4892 rectum
1017 4839 1218 4896 externum
1234 4825 1438 4918 orientem,
1469 4829 1508 4900 in
1522 4851 1647 4904 ramos
1666 4827 1781 4918 duos,
1819 4849 2030 4904 externum
2054 4851 2190 4930 nempe

320 4991 357 5049 et
375 4975 591 5046 internum.
