4686 5700
422 619 426 628 ,
1113 629 1120 640 ,
1181 507 1216 608 S·
1269 509 1331 608 98·
1377 526 1380 532 ’
1688 608 1693 612 ,

475 659 1372 767 indealimbopalpebrneutriusquediriguntur
1382 659 1506 736 lineae
1518 655 1659 736 horum
1671 657 2198 762 folliculorumseBaceorum,

206 818 219 846 x
321 841 425 904 recta
442 842 481 898 et
507 822 685 898 deorsum
710 827 856 907 versus,
883 819 1046 888 invicem
1061 791 1283 914 parallelae,
1307 811 1493 913 usquead
1509 820 1717 914 marginem
1735 839 1948 890 convexum
1970 775 2068 892 tarsi.
2114 791 2200 894 'Sed

236 1036 244 1057 .
321 981 362 1050 in
383 971 509 1050 media
531 990 638 1076 parte
661 968 803 1042 multae
827 967 964 1078 harum'
984 965 1171 1038 linearum
1188 947 1391 1064 'incipiunt
1417 967 1579 1057 curvari,
1610 971 1664 1039 ita
1681 985 1840 1058 999999,
1876 986 1918 1040 ut
1946 943 2201 1072 unaquaeque

186 1143 189 1168 ¹
227 1097 265 1175 ¹·
324 1153 454 1204 earum
468 1129 509 1198 in
523 1121 657 1198 eadem
673 1120 848 1198 distantia
867 1145 955 1192 cum
971 1115 1125 1220 reliquis
1141 1105 1353 1216 procedat.
1395 1117 1539 1192 Omnes
1561 1115 1679 1194 finem
1696 1116 1840 1254 habent
1859 1123 1900 1196 'ut
1920 1127 2091 1224 margine
2108 1149 2201 1198 con-

220 1341 227 1358 .
324 1303 419 1356 vexo
436 1277 543 1366 tarsi,
572 1293 610 1349 et
624 1272 773 1347 mediae
794 1297 877 1344 eam
896 1269 947 1342 ob
966 1293 1047 1342 rem
1063 1267 1306 1366 longissimae
1320 1285 1417 1348 sunt.

475 1467 617 1542 Earum
631 1461 817 1536 linearum
834 1481 1013 1534 numerus
1031 1455 1080 1536 ad
1095 1421 1225 1560 viginti
1242 1480 1310 1528 sex
1327 1455 1388 1530 vel
1404 1457 1556 1558 triginta
1572 1455 1801 1562 plenimque
1815 1466 1982 1564 assurgit.

477 1687 522 1761 In
536 1679 718 1786 palpebra
732 1681 930 1794 superiore
948 1675 1141 1778 longiores
1155 1693 1261 1767 sunt,
1288 1678 1329 1748 in
1345 1673 1526 1756 inferiore
1539 1677 1750 1773 breviores,
1777 1679 1847 1754 sed
1859 1677 2024 1762 latiores.

1188 1946 1224 2044 i·
1279 1971 1340 2044 99·

478 2109 741 2209 Vnaquaeque
762 2097 865 2176 linea
884 2087 1033 2198 singula
1060 2115 1210 2172 constat
1236 2119 1258 2168 e
1280 2091 1459 2170 folliculis
1482 2097 1636 2170 minutis
1660 2104 1910 2192 coacervatim
1950 2105 2022 2194 ita,
2062 2121 2106 2178 ut
2127 2119 2204 2180 tras

257 2247 260 2257 ¹
328 2264 482 2350 ordines
505 2282 640 2360 eorum
660 2260 701 2328 in
726 2253 829 2328 linea
849 2275 1004 2355 quaque
1033 2251 1207 2352 conspici
1227 2249 1386 2350 possint.

479 2469 547 2542 His
573 2461 752 2538 folliculis
775 2462 875 2534 inest
894 2461 1052 2532 materia
1069 2454 1248 2548 sebacea,
1284 2479 1384 2556 qnae
1406 2479 1530 2558 prope
1549 2453 1711 2530 limbum
1734 2455 1942 2558 palpebrae
1968 2481 2015 2534 ex
2042 2458 2204 2560 orificio,

326 2619 434 2728 quod
447 2623 487 2692 in
501 2641 658 2720 quoque
673 2614 773 2689 linea
787 2616 945 2686 ineunte
958 2629 1083 2714 patet,
1111 2612 1271 2713 exprim
1285 2626 1430 2720 potest,
1456 2611 1488 2681 si
1501 2605 1598 2680 illud
1613 2613 1752 2685 arctius
1770 2613 2045 2714 comprimitur.

1173 2917 1235 3022 §v
1267 2942 1349 2996 100.

424 3167 436 3178 .
480 3073 657 3154 Folliculi
681 3071 912 3176 singularum
933 3071 1120 3150 linearum
1145 3076 1245 3146 inter
1264 3097 1306 3146 se
1327 3067 1544 3146 cohaerent
1596 3067 1976 3174 Nam'in'sspalpebra,
2006 3099 2120 3176 quam
2135 3101 2209 3182 per
2323 3115 2324 3142 r

329 3219 487 3332 aliquod
500 3230 680 3328 temporis
697 3230 860 3326 spatium
876 3229 1023 3326 spiritui
1035 3229 1113 3298 vini
1128 3228 1397 3314 immerseram,
1412 3219 1547 3296 sebum
1562 3223 1814 3322 congelatum,
1841 3224 1947 3326 quod
1963 3229 2003 3298 iu
2018 3225 2137 3304 limbo
2156 3255 2207 3306 ex

288 3361 301 3370 ”
331 3383 479 3462 orificio
495 3377 765 3482 exprimebarn,
781 3375 979 3454 manifeste
991 3375 1154 3456 formam
1170 3373 1431 3450 folliculorum
1444 3377 1544 3447 inter
1556 3398 1597 3448 se
1612 3399 1877 3462 connexorum
1891 3377 2208 3481 repraesentabat.

1155 3648 1210 3751 .§.
1270 3673 1351 3726 ror.

483 3809 753 3910 Morgagm‘res
771 3808 811 3878 irr
827 3801 1017 3906 palpebris
1031 3801 1175 3876 borum
1192 3819 1229 3878 ct
1247 3799 1448 3876 hominum
1464 3803 1504 3872 in
1519 3799 1646 3876 media
1665 3825 1819 3903 quaque
1831 3801 1934 3880 linea
1947 3803 2104 3880 ductum
2118 3832 2213 3886 con·

333 3963 476 4066 spexit,
499 3962 547 4036 ad
565 3985 680 4061 quem
693 3955 853 4032 folliculi
868 3960 964 4030 serie
983 3960 1104 4052 juncti
1120 3973 1246 4046 erant,
1270 3973 1313 4027 et
1330 3958 1435 4052 cujus
1457 3959 1577 4028 exitus
1593 3957 1632 4028 in
1648 3951 1809 4028 limbum
1825 3955 2031 4060 palpebrae
2039 3929 2212 4062 patebat.

330 4117 413 4214 Ego
432 4135 543 4200 vero,
572 4133 790 4210 quanquam
805 4106 898 4206 milri
918 4111 1244 4209 persuasissimum
1260 4125 1328 4196 est,
1358 4105 1449 4180 tales
1473 4105 1607 4180 ductus
1627 4107 1771 4199 adesse,
1796 4079 1919 4184 fateor
1934 4137 1995 4186 me
2011 4111 2098 4187 illos
2115 4141 2215 4188 nun-

336 4233 453 4370 quam
466 4257 782 4336 animadvertisse.
835 4239 911 4334 Sed
934 4263 973 4330 in
993 4256 1176 4360 palpebra
1186 4314 1195 4348 ,
1231 4262 1333 4354 cujus
1356 4283 1444 4330 vasa
1464 4256 1678 4358 sanguifera
1700 4265 1857 4334 materia
1884 4287 2042 4340 ceracea
2067 4271 2218 4368 o'ptime

334 4417 492 4518 impleta
507 4431 624 4502 erant,
652 4413 791 4499 inveni,
819 4409 866 4482 ad
882 4435 1193 4512 unamquamque
1207 4408 1346 4481 lineam
1361 4407 1554 4482 vasculum
1570 4415 1724 4508 porrigi,
1751 4388 1857 4512 quod
1878 4416 1914 4498 in
1933 4413 2218 4514 longitudinem

336 4587 437 4644 trans
451 4567 592 4640 lineam
611 4561 826 4652 duceretur,
846 4580 884 4634 et
899 4565 938 4633 in
954 4561 1166 4662 quemlibet
1182 4559 1393 4634 folliculum
1407 4560 1594 4633 ramulum
1612 4568 1855 4637 tenerrimum
1874 4531 2107 4641 extenderet
2134 4575 2217 4641 lam

333 4719 542 4817 Ruyscltius
555 4739 642 4788 vasa
658 4718 728 4786 ista
743 4712 949 4814 complevit
964 4737 1065 4805 cera,
1093 4718 1370 4813 materiamque
1383 4713 1481 4787 hanc
1498 4719 1573 4814 egit
1587 4742 1709 4816 usque
1729 4721 1768 4788 iu
1789 4713 1978 4790 folliculos
1993 4722 2109 4820 ipsos.

390 4979 397 4996 .
490 4917 688 4998 Interdum
705 4922 817 4994 etiam
829 4917 954 4996 lineae
968 4919 1066 4994 duae
1080 4917 1346 5021 producuntur
1361 4922 1402 4994 in
1421 4918 1608 5002 orificium
1625 4911 1744 5002 unruu
1758 4921 1868 5000 litubi
1889 4889 2108 5028 palpebrae.

1511 5139 1527 5190 i
